2318 3960
339 243 368 318 1,
393 241 447 310 ll,
468 239 583 304 8044.
606 241 647 312 ΙΙ,
667 238 781 308 1-85,

346 491 493 572 ninnn
520 489 793 574 snouunus.

141 612 228 715 Quid
241 644 314 706 milri
330 644 489 705 vobiscum
503 650 559 718 est,
574 644 679 703 infelix
694 660 776 716 cura,
791 646 894 723 libelli,

177 730 303 805 Ingenio
319 727 396 803 perii
411 727 464 802 qui
477 728 571 787 miser
585 727 654 802 ipse
668 735 759 788 mcot

139 813 200 874 Cur
214 813 307 873 modo
323 813 482 872 damnatas
495 818 612 886 repeto,
627 827 696 871 mea
710 811 844 889 crimine,
858 814 987 878 Musast

177 897 227 957 An
242 895 337 957 semel
353 901 400 955 est
413 910 544 970 poenam
560 896 779 958 commeruisse
793 906 922 972 parum?

110 990 127 1042 ⁵
144 979 284 1042 carmina
298 980 443 1053 lecerunt,
458 984 492 1038 ut
505 995 553 1039 me
568 994 757 1054 cognoscere
773 980 884 1042 vellent

180 1063 286 1124 Omine
300 1078 363 1123 non
378 1063 479 1122 lausto
496 1062 608 1122 lemine
623 1064 729 1139 virque
744 1079 828 1125 meos

141 1146 281 1208 carmina
296 1147 443 1218 lecerunt
458 1154 492 1206 ut
504 1162 555 1206 me
568 1162 734 1223 moresque
749 1154 868 1209 notaret

176 1231 240 1290 lam
254 1230 376 1290 demum
389 1231 458 1290 uisa
472 1229 585 1290 Caesar
599 1231 636 1291 ab
650 1231 725 1292 Arte
739 1246 836 1292 meos.

139 1316 234 1374 Deme
246 1313 319 1372 mihi
334 1314 476 1389 studium,
490 1314 570 1374 vitae
586 1330 711 1390 quoque
727 1315 851 1376 crimina
866 1317 980 1378 demes.

73 1441 75 1445 .
90 1408 125 1462 lo
179 1399 350 1473 Acceptum
363 1398 465 1457 relero
479 1398 631 1472 versibus,
647 1413 720 1459 esse
734 1414 859 1459 nocens.

136 1482 204 1541 Hoc
218 1481 348 1556 pretium
362 1496 456 1544 curae
472 1482 726 1557 vigilatorumque
739 1483 879 1544 laborum

182 1564 334 1639 Cepimus.
355 1564 478 1639 ingenio
493 1572 540 1626 est
553 1580 655 1640 poena
668 1573 791 1640 reperta
805 1580 884 1627 meo.

138 1647 172 1711 Si
187 1663 337 1723 saperem,
354 1648 463 1709 doctas
479 1650 616 1709 odissem
630 1650 696 1710 inire
711 1664 846 1723 sorores,

175 1731 304 1792 Numina
318 1732 427 1792 cultori
441 1732 616 1807 perniciosa
630 1748 698 1794 suc.

90 1825 126 1879 lt
141 1815 183 1875 At
199 1831 312 1876 nunc...
327 1823 410 1876 tanta
423 1831 496 1876 meo>
508 1831 612 1876 eomes
628 1823 676 1876 est
689 1816 809 1877 insania
822 1814 961 1877 morbom

179 1897 264 1958 Saxa
276 1901 391 1960 malum·
402 1901 503 1960 relero
517 1916 624 1961 rursus
639 1899 680 1960 ad
693 1899 753 1960 icta
768 1901 892 1974 pedem=

141 1981 265 2043 Scilicet
279 1989 313 2043 ut
325 1983 425 2043 victus
439 1983 550 2058 repetit
562 1982 714 2056 gladiator
726 1981 880 2055 harenam,

183 2067 223 2126 Et
234 2066 315 2126 redit
327 2063 359 2125 in
373 2067 505 2126 tumidas
520 2067 669 2140 naufraga
681 2065 796 2140 puppis
812 2079 919 2140 aquas.

139 2149 281 2210 Forsitan
295 2155 328 2208 ut
343 2149 499 2224 quondam
513 2149 709 2209 Teuthrantia
721 2163 818 2223 regna
833 2147 955 2221 tenenti,

89 2245 125 2297 20
182 2231 234 2294 Sic
248 2231 321 2292 mihi
333 2247 386 2292 res
403 2233 511 2292 eadem
524 2235 637 2293 vulnus
653 2247 806 2307 opemque
821 2232 907 2304 ierat,

139 2316 292 2390 Musaque
306 2331 397 2390 quam
412 2316 517 2391 movit,
529 2323 642 2377 motam
656 2329 780 2391 quoque
795 2315 886 2375 leniet
899 2314 990 2373 iram=

180 2399 317 2461 Exorant
330 2414 459 2473 magnos
475 2401 609 2459 earmina
623 2414 718 2473 saepe
733 2399 819 2458 deos.

137 2485 212 2558 lpse
227 2498 353 2558 quoque
366 2482 522 2543 Ausonias
538 2484 650 2543 Caesar
664 2487 840 2556 matresque
853 2495 1009 2554 nurusque

182 2566 321 2626 Carmina
335 2567 502 2641 turrigerae
516 2567 619 2627 dicere
632 2565 723 2626 iussit
737 2564 802 2639 Opi.

90 2660 125 2712 25
140 2651 278 2710 Iusserat
291 2656 322 2710 et
334 2649 459 2711 Phoebo
474 2650 543 2723 dici,
559 2667 619 2724 quo
634 2656 771 2724 tempore
785 2649 876 2709 ludos

180 2733 273 2807 Fecit,
290 2749 370 2808 quos
385 2741 469 2793 aetas
485 2733 594 2807 aspicit
608 2749 669 2793 una
683 2733 787 2791 semel.

139 2817 195 2877 His
211 2831 322 2891 precor
336 2817 487 2891 exemplis
499 2822 551 2877 tua
564 2832 655 2890 nune,
669 2816 829 2875 mitissime
844 2812 965 2886 caesar,

180 2899 248 2960 Fiat
261 2900 299 2960 ab
314 2898 436 2975 ingenio
451 2901 572 2961 mollior
585 2901 630 2963 ira
643 2916 723 2960 meo.

142 2984 199 3044 llla
212 2983 336 3058 quidem
348 2984 430 3044 iusta
443 2991 500 3058 est,
515 2999 573 3045 nec
586 2999 636 3044 me
650 2983 801 3047 meruisse
815 2978 952 3053 negaboa

92 3073 128 3127 stt
183 3066 251 3126 Non
266 3067 345 3128 adeo
360 3074 466 3127 nostro
482 3069 559 3142 rugit
572 3069 611 3128 ab
627 3082 680 3126 ore
695 3066 804 3140 pudor.

141 3149 205 3211 Sed
219 3149 278 3211 nisi
295 3165 486 3226 peccassem,
502 3151 575 3225 quid
590 3157 622 3211 tu
637 3149 808 3210 concedere
822 3152 956 3221 possest

181 3233 340 3294 Materiam
353 3233 462 3294 veniae
476 3250 545 3295 sors
560 3233 613 3293 tibi
627 3238 734 3292 nostra
748 3229 841 3292 dedit.

141 3315 174 3377 Si
189 3317 331 3391 quotiens
346 3324 477 3392 peccant
489 3317 638 3391 homines,
654 3332 711 3376 sua
725 3312 851 3375 lulmina
866 3313 962 3373 mittat

183 3401 328 3476 luppiter,
343 3401 455 3477 exiguo
470 3409 607 3475 tempore
620 3399 745 3461 inermis
760 3398 825 3460 erit.

90 3490 126 3546 ss
139 3483 196 3544 ilic
209 3482 263 3545 ubi
276 3483 415 3547 detonuit
429 3485 620 3562 strepituque
633 3483 779 3545 exterruit
792 3480 907 3550 orbem,
