2318 3960
99 170 159 233 aad
477 164 733 227 FASTORUM

182 321 245 380 Nec
260 325 361 393 mora,
380 317 520 378 consedit
534 318 637 377 medio
653 317 791 378 sublimis
807 317 935 396 olympo

226 406 344 475 Aurea,
362 418 516 477 purpureo
533 401 754 476 conspicienda
768 402 862 471 sinu.¹

184 486 360 548 Consedere
376 485 464 545 simul
480 485 582 545 Pudor
596 491 626 544 et
639 485 750 546 Melus.
780 500 872 546 omne
887 483 1014 547 videres

133 588 167 638 30
223 571 340 631 Numen
355 569 489 629 adhunc
505 569 603 630 cultus
624 568 841 645 composuisse
855 584 943 632 suos.

182 655 322 714 Protinus
337 653 458 712 intravit
471 657 588 713 mentes
605 659 771 729 suspectus
786 652 956 713 honorum=

224 736 413 812 inprobum
428 735 543 811 dignis,
558 751 616 795 nec
631 734 689 797 sibi
705 737 838 813 quisque
852 736 964 815 placet

182 823 239 882 Hic
255 825 353 880 status
368 818 398 878 in
413 821 498 878 caclo
519 819 630 881 multos
646 821 813 896 permansit
826 818 858 879 in
874 835 984 894 minos,

227 906 304 964 Dum
322 902 426 963 senior
445 903 513 963 latis
529 903 643 964 excidit
656 919 727 963 arce
740 902 829 964 deus.

134 1000 167 1053 35
181 990 273 1048 Terra
288 988 370 1046 ieros
385 992 506 1061 partus,
522 987 666 1047 immania
684 994 836 1063 monstra,
852 986 998 1061 Gigantas

226 1072 329 1131 Edidit
344 1086 475 1130 ausuros
489 1071 520 1130 in
534 1070 617 1131 Iovis
632 1071 676 1131 ire
691 1072 826 1135 domum.

184 1156 266 1216 Mille
280 1170 389 1216 manus
404 1154 462 1215 illis
479 1152 563 1214 dedit
577 1161 607 1214 et
621 1170 677 1230 pro
693 1153 832 1217 cruribus
847 1169 975 1228 angues,

227 1241 330 1314 Atque
344 1239 399 1311 ait,
420 1239 478 1296 “ln
495 1254 622 1313 magnos
638 1255 723 1299 arma
736 1244 858 1301 movete
874 1240 989 1300 deos.”

186 1324 334 1383 Extruare
349 1322 381 1381 lri
394 1328 514 1382 montes
529 1317 569 1381 ad
583 1321 687 1384 sidera
702 1339 820 1384 summa
834 1318 993 1398 parabant,

137 1416 171 1468 40
227 1407 265 1466 Et
279 1422 421 1480 magnum
434 1405 516 1466 bello
532 1406 697 1467 sollicitare
711 1406 826 1468 Iovem.

186 1491 324 1550 Fulmina
339 1491 377 1550 de
393 1489 469 1549 caeli
484 1490 633 1551 iaculatus
648 1490 785 1566 Iuppiter
800 1504 872 1550 aree

229 1573 327 1633 Vertit
339 1573 370 1632 in
386 1581 527 1634 auctores
542 1574 683 1648 pondera
695 1580 785 1634 vasta
799 1588 884 1634 suos

188 1658 242 1717 His
257 1657 337 1716 bene
350 1654 497 1716 Maiestas
513 1657 605 1716 armis
621 1657 751 1717 defensa
769 1653 898 1718 deorum

230 1742 349 1813 Restat,
371 1745 401 1798 et
415 1755 455 1799 ex
469 1739 519 1800 illo
534 1746 672 1815 tempore
687 1741 768 1802 culta
782 1741 893 1801 m'anet.

139 1833 172 1886 45
186 1823 313 1885 Assidet
328 1823 399 1884 inde
413 1823 493 1883 lovi:
522 1822 604 1884 lovis
620 1831 668 1885 est
681 1824 831 1886 fidissima
845 1831 962 1900 custos,

233 1908 271 1968 ldt
285 1913 421 1984 praestat
435 1907 503 1967 sine
515 1907 547 1966 vi
562 1915 685 1982 sceptra
699 1909 833 1968 timenda
846 1907 923 1970 Iovi.

192 1993 284 2052 Venit
297 1998 327 2051 ct
341 1991 371 2050 in
386 1998 494 2051 terras.
524 1993 683 2053 coluerunt
696 1992 845 2053 Romulus
858 1992 941 2053 illam

234 2076 271 2135 Et
284 2075 389 2135 Numa.
418 2090 490 2134 mox
506 2074 572 2149 alii,
587 2082 726 2151 tempore
741 2076 873 2151 quisque
887 2090 956 2137 suo.

192 2161 246 2219 llla
261 2165 364 2235 patres
380 2159 409 2217 in
429 2158 547 2219 honore
561 2157 614 2234 pio
630 2166 807 2235 matresque
824 2164 934 2233 tuetur,

142 2259 177 2312 50
233 2244 289 2302 llla
302 2258 407 2303 comes
422 2242 527 2318 pueris
541 2242 774 2320 virginibusque
788 2243 881 2303 venit.

190 2328 245 2387 llla
259 2326 348 2385 datos
364 2326 466 2385 fasces
482 2326 674 2386 commendat
689 2329 826 2401 eburque
841 2326 956 2400 cunule,

233 2411 288 2469 llla
303 2407 456 2470 coronatis
471 2409 533 2469 alta
546 2408 710 2485 triumphat
726 2411 848 2486 equis’

191 2493 324 2553 Finierat
337 2507 432 2552 voces
446 2491 660 2572 Polyhymnia,
688 2494 769 2554 dicta
784 2493 952 2569 probarunt

237 2576 364 2652 Clioque
379 2582 409 2636 et
424 2593 536 2637 curvae
552 2578 628 2636 scita
643 2577 749 2637 Thalia
763 2579 859 2655 lyrae.

140 2674 174 2726 55
189 2662 309 2736 Excipit
322 2660 445 2721 Uranie.
476 2662 576 2721 secero
591 2659 711 2721 silentia
730 2668 866 2733 cunctae,

235 2745 273 2804 Et
288 2759 349 2805 vox
365 2743 463 2804 audiri
478 2744 560 2804 nulla
575 2744 633 2804 nisi
649 2744 700 2803 illa
714 2752 848 2826 potest„

195 2829 319 2903 ‘Magna
333 2827 388 2887 luit
403 2828 557 2901 qnondam
572 2827 681 2903 capitis
695 2820 867 2887 reverentia
882 2826 960 2902 cani,

237 2914 332 2987 inque
348 2926 405 2971 suo
422 2910 519 2987 pretio
534 2927 610 2986 ruga
626 2911 730 2972 senilis
746 2917 819 2971 erat.

177 3067 180 3073 1
195 2995 300 3056 Martis
316 3011 394 3071 opus
410 2995 536 3055 iuvenes
552 2995 752 3069 animosaque
765 2994 847 3054 bella
861 2992 1019 3068 gerebant,

145 3087 181 3139 oo
235 3080 273 3141 Et
287 3095 343 3155 pro
359 3078 406 3139 dis
422 3079 550 3139 aderant
565 3078 595 3137 in
611 3077 741 3140 statione
756 3078 832 3139 suis.

193 3162 318 3224 Viribus
333 3163 384 3223 illa
399 3162 497 3223 minor
511 3177 569 3221 nec
582 3161 732 3222 habendis
747 3161 828 3223 utilis
844 3160 937 3222 armis

239 3246 372 3308 Consilio
389 3244 505 3322 patriae
520 3261 615 3322 saepe
630 3245 746 3306 lerebat
761 3261 861 3321 opem.

195 3327 257 3388 Nee
271 3330 330 3389 nisi
345 3336 416 3406 post
430 3344 527 3390 annos
542 3330 639 3406 patuit
653 3336 724 3390 tunc
740 3329 825 3388 curia
840 3343 937 3401 seros,

235 3413 352 3473 Nomen
368 3421 398 3474 et
416 3414 523 3474 aetatis
538 3413 609 3473 mite
628 3419 753 3474 senatus
768 3418 841 3472 erat
