2318 3960
96 217 157 286 170
483 217 543 277 EX
561 215 710 277 PONTO

126 382 160 434 10
175 374 248 449 Ipse
263 371 387 447 quidem
398 368 503 429 Getico
519 384 643 444 peream
658 368 787 429 violatus
803 368 841 428 ab
857 384 960 445 0100..
990 402 1005 431 ι

216 456 254 515 Et
268 456 307 514 sit
320 453 434 530 periuri
450 468 541 528 quam
555 467 653 527 prope
667 467 777 527 poena,
800 452 921 512 vides...

176 542 218 600 Te
233 539 291 598 nisi
309 537 470 597 momentis
485 537 575 596 video
591 550 691 610 paene
707 534 846 596 omnibus
863 536 988 598 absens.

218 622 320 682 Gratia
336 621 393 695 dis,
412 619 504 680 menti
520 619 656 692 quolibet
668 619 712 678 ire
726 618 805 680 licet.

175 707 240 765 Hae
255 705 306 763 ubi
321 704 458 779 perveni,
477 702 550 762 nulli
566 703 747 774 cernendus,
771 703 802 761 in
816 701 939 777 Urbem,

126 800 161 851 00
217 789 319 863 Saepe
333 788 444 863 loquor
458 794 572 859 tecum,
595 802 690 862 saepe
704 786 850 861 loquente
864 785 959 847 lruor.

175 874 250 932 Tum
265 871 346 945 mihi,
362 870 485 930 difficile
500 876 555 942 est,
573 886 664 944 quam
675 869 715 928 sit
725 870 813 944 bene,
830 869 941 943 dicere,
959 885 1096 945 quamque

218 955 354 1014 Candida
368 953 488 1014 iudiciis
503 953 580 1012 hora
594 953 633 1013 011
647 954 699 1013 1110
713 952 799 1016 meis.

175 1041 250 1099 Tum
264 1054 321 1112 me,
342 1037 369 1096 si
386 1053 446 1111 qua
460 1037 549 1111 fides,
572 1036 696 1098 caelesti
711 1036 787 1095 sede
801 1041 958 1111 receptum

216 1122 287 1181 Cum
302 1120 462 1181 fortunatis
479 1121 622 1194 suspicor
636 1136 707 1180 esse
722 1121 799 1180 deis.

124 1216 158 1269 55
172 1206 290 1265 Rursus
305 1204 357 1264 ubi
370 1203 430 1264 huc
444 1204 530 1279 redii,
554 1204 670 1264 caelum
685 1217 880 1278 superosque
897 1203 1049 1280 relinqu0,

213 1291 243 1349 Α
258 1287 354 1366 Styge
368 1303 425 1347 nec
440 1288 531 1361 longe
544 1287 670 1348 Pontica
684 1288 776 1348 distat
789 1287 909 1348 humus.

173 1372 262 1432 Unde
278 1386 334 1445 ego
351 1371 377 1431 si
393 1372 454 1430 1010
470 1372 549 1430 nitor
563 1372 744 1447 prohibente
757 1371 879 1445 reverti,

214 1454 308 1530 Spem
323 1455 390 1514 sine
404 1455 551 1530 proiectu,
573 1455 713 1530 Maxime,
735 1455 808 1514 tolle
821 1453 905 1513 mihi.

120 1589 161 1682 111
174 1584 264 1678 Naso
281 1634 347 1693 suo,
370 1618 600 1693 nomenposuit
615 1619 785 1696 00100000,
809 1618 909 1679 sodali

215 1702 303 1761 Mittit
316 1700 354 1760 ab
368 1701 495 1761 Euxinis
512 1703 571 1761 hoc
588 1702 680 1762 breve
695 1718 817 1763 carmen
832 1702 932 1776 aquis.

172 1789 213 1846 At
228 1786 254 1845 si
269 1791 357 1844 cauta
371 1800 478 1859 parum
493 1786 670 1860 scripsisset
684 1787 799 1860 dextra,
822 1785 891 1860 quis
906 1800 1006 1863 esses,

214 1868 354 1928 Forsitan
370 1868 472 1927 officio
490 1876 576 1943 parta
591 1870 727 1942 querella
740 1871 827 1929 soret.

145 1964 161 2016 5
176 1953 235 2013 Cur
248 1959 358 2026 tamen,
376 1951 436 2012 hoc
450 1952 517 2012 aliis
532 1958 626 2011 tutum
642 1953 846 2029 credentibus,
865 1968 955 2026 unus,

216 2035 381 2110 Appellent
395 2051 434 2094 ne
449 2042 478 2094 te
493 2035 626 2095 carmina
639 2043 753 2109 nostra,
775 2042 889 2111 rogas‘t
951 2034 957 2046 '

174 2119 291 2193 Quanta
305 2119 345 2178 sit
358 2118 388 2177 10
403 2119 504 2178 media
518 2119 677 2178 clementia
692 2119 831 2179 Caesaris
846 2119 899 2193 ira,

212 2203 259 2260 Ex
274 2218 331 2276 me,
352 2201 379 2261 si
393 2202 505 2274 nescis,
530 2202 639 2262 certior
655 2217 726 2262 esse
741 2209 839 2278 potes.

171 2285 249 2345 Huic
264 2301 331 2360 ego,
356 2301 444 2359 quam
460 2285 567 2360 patIor,
588 2285 629 2345 nil
642 2301 770 2360 possem
784 2287 908 2347 demere
921 2302 1054 2365 poenae,

124 2384 158 2435 10
214 2367 247 2428 Si
262 2369 353 2428 iudex
368 2369 466 2429 meriti
482 2384 609 2444 cogerer
624 2384 695 2429 esse
709 2371 778 2429 mei.

171 2452 238 2512 Non
253 2457 335 2511 vetat
348 2451 398 2511 ille
413 2452 465 2513 sui
477 2468 659 2527 quemquam
675 2454 852 2514 meminisse
865 2454 993 2530 sodalis,

211 2535 274 2595 Nec
290 2535 431 2610 prohibet
445 2535 498 2596 tibi
513 2552 561 2596 me
576 2536 720 2611 scribere,
741 2544 834 2612 teque
848 2538 930 2598 011111.

172 2619 233 2678 Nec
251 2622 353 2679 000100
369 2618 519 2693 admittas,
541 2621 568 2679 01
584 2619 754 2680 0000010110
769 2620 909 2696 amicum,

212 2702 355 2762 Mollibus
370 2709 400 2761 et
413 2703 515 2763 verbis
529 2719 639 2778 aspera
654 2705 715 2763 sata
729 2705 825 2764 leves.
924 2779 927 2783 .

123 2796 155 2847 10
171 2786 236 2857 Cur,
261 2787 334 2846 dum
347 2792 410 2846 tuta
422 2787 520 2859 times,
542 2787 618 2847 lacis
632 2794 665 2847 ut
678 2787 850 2847 reverentia
863 2788 934 2848 talis

211 2868 277 2928 Fiat
291 2871 321 2928 10
336 2872 494 2944 Augustos
508 2870 661 2930 invidiosa
676 2871 774 2930 deest

170 2953 315 3012 Fulminis
332 2951 463 3014 adflatos
478 2954 627 3014 interdum
641 2955 746 3014 vivere
760 2953 828 3015 telis

210 3036 361 3110 Vidimus,
380 3042 409 3096 et
424 3037 518 3110 refici,
542 3052 603 3097 000
618 3037 797 3113 prohibente
812 3038 896 3098 love.

170 3119 241 3192 1100,
265 3120 336 3193 quia
348 3120 504 3196 Neptunus
520 3137 628 3181 navem
643 3122 792 3182 lacerarat
805 3120 913 3195 Ulixis,

121 3205 157 3257 20
211 3201 383 3263 Leucothie
397 3204 479 3263 nanti
494 3205 573 3264 terre
588 3205 711 3279 negavit
729 3220 829 3280 opem.

173 3283 269 3343 Crede
282 3287 363 3362 mihi,
382 3288 502 3347 miseris
519 3287 662 3348 caelestia
676 3291 800 3349 numina
811 3292 959 3375 pareunt,

211 3367 275 3426 Nec
289 3384 411 3445 semper
424 3372 528 3432 laesos
542 3378 572 3431 et
586 3373 653 3432 sine
667 3371 728 3432 fine
744 3377 892 3448 premunt.

171 3449 309 3527 Principe
324 3468 380 3512 nec
395 3461 500 3516 nostro
516 3456 592 3516 deus
608 3462 655 3514 est
669 3455 855 3517 moderatior
867 3455 964 3517 ullus:
