2318 3960
424 230 475 302 IV,
498 229 558 292 401
566 229 673 294 -ltc
996 229 1057 294 tal

130 381 210 455 Has,
233 380 416 459 Hyacinthe,
439 387 535 441 tenes.
563 383 641 454 illas,
664 387 834 453 amarante,
857 381 1000 441 morarisz

10 454 20 537 Ι,
62 473 118 528 eto
172 465 245 524 Pars
261 464 380 541 thyma,
405 479 477 538 pars
492 465 622 540 casiam,
639 481 711 540 pars
727 464 881 524 meliloton
902 470 1012 525 aurant.

10 542 18 625 ἶ
129 548 262 607 Plurima
274 548 353 606 lecta
370 561 444 606 rosa
458 554 513 608 est.
544 554 614 608 sunt
628 555 658 607 el
671 547 738 607 sine
753 547 876 608 nomine
891 545 994 607 ilores.

169 632 242 706 lpsa
257 644 366 690 crocos
381 636 489 691 tenues
504 631 626 705 liliaque
641 630 710 690 alba
724 631 805 705 legit.

131 712 282 789 Carpendi
296 711 397 773 studio
413 713 557 787 paulatim
571 713 692 789 longius
707 713 774 788 itur,

169 797 207 856 Et
225 796 378 856 dominam
394 810 469 856 casu
483 798 566 857 nulla
579 803 685 859 secuta
699 811 813 857 comes.

62 888 116 942 445
129 879 215 939 lianc
230 878 313 939 videl
327 886 357 939 et
370 879 468 938 visam
484 886 609 954 patruus
624 880 770 941 velociter
783 879 890 955 aufert,

170 963 338 1038 Regnaque
353 962 502 1022 caeruleis
517 962 547 1022 in
563 979 620 1023 sua
635 969 735 1038 portal
750 963 849 1038 equis.

129 1046 183 1104 llla
199 1045 321 1122 quidem
336 1043 486 1104 clamabat
500 1047 555 1120 ³10,
574 1045 733 1106 carissima
748 1053 852 1118 mater,

168 1129 335 1189 Auierort’
356 1129 425 1204 ipsa
439 1143 514 1189 suos
529 1128 765 1205 abscideratque
782 1127 880 1190 sinus.

130 1211 273 1271 Panditur
286 1211 401 1271 interea
414 1211 472 1271 Diti
490 1212 548 1272 via.
578 1227 711 1288 namque
728 1212 869 1272 diurnum

60 1305 114 1357 450
172 1294 286 1354 Lumen
303 1293 453 1354 inadsueti
468 1295 521 1354 vix
537 1295 691 1370 patiuntur
704 1293 785 1369 equi.

129 1380 170 1438 At
185 1378 297 1437 chorus
312 1375 459 1454 aequalis,
476 1379 645 1439 cumulatae
660 1376 738 1438 llere
753 1377 917 1450 ministrae,

172 1459 549 1536 ‘Persephone','.clamant
562 1463 616 1521 ‘ad
630 1468 681 1522 tua
695 1461 777 1520 dona
791 1461 895 1520 venit’
954 1525 956 1530 .

128 1544 168 1604 Ul
182 1545 310 1603 clamata
323 1543 406 1620 silet,
425 1551 543 1605 montes
559 1544 722 1606 ululatibus
738 1543 871 1620 implent,

169 1627 207 1687 Et
222 1625 331 1687 leniunt
345 1633 481 1688 maestae
496 1634 621 1704 pectora
635 1628 718 1688 nuda
735 1643 853 1688 manus.

61 1720 115 1773 455
129 1710 264 1771 Attonita
278 1717 326 1770 est
339 1710 487 1786 plangore
499 1711 631 1786 Ceres...
646 1712 739 1773 modo
753 1716 877 1771 venerat
888 1711 1056 1772 Hennam...

170 1793 232 1853 Nec
251 1808 346 1868 mora,
369 1793 432 1853 ‘ille
445 1794 603 1854 miseram!
625 1794 710 1870 lilia,’
731 1793 808 1854 dixit
821 1793 885 1854 ‘ubi
908 1793 985 1855 estl'

128 1875 238 1936 Mentis
254 1876 343 1952 inops
358 1876 487 1952 rapitur,
505 1879 612 1953 quales
627 1877 733 1938 audire
748 1879 883 1938 solemus

167 1959 321 2019 Threicias
338 1960 414 2020 lusis
431 1962 597 2021 maenadas
614 1960 659 2021 ire
678 1961 784 2020 comis.

128 2044 168 2105 Ut
184 2043 276 2104 vitulo
291 2043 385 2119 mugit
399 2060 458 2105 sua
470 2051 566 2104 mater
579 2043 617 2104 ab
633 2044 726 2105 ubere
739 2050 837 2119 rapto,

59 2137 113 2192 too
168 2128 205 2195 et
220 2127 338 2202 quaerit
353 2127 452 2188 foetus
467 2142 523 2204 per
537 2129 644 2188 nemus
659 2143 749 2188 omne
767 2143 857 2187 suos:

131 2210 183 2272 Sic
198 2211 266 2271 dea.
297 2225 354 2270 nec
368 2211 477 2272 retinet
490 2209 628 2287 gemitus,
647 2217 677 2271 et
691 2211 810 2272 concita
825 2225 918 2270 cursu

170 2294 290 2365 Fertur,
313 2300 343 2353 et
357 2309 374 2354 e
390 2294 507 2372 campis
522 2295 635 2371 incipit,
650 2294 766 2370 Henna,
782 2293 851 2354 tuis.

131 2378 205 2437 lude
221 2376 365 2452 puellaris
378 2384 467 2439 nacta
482 2386 529 2439 cst
543 2377 672 2454 vestigia
687 2380 817 2454 plantae,

170 2461 207 2520 Et
223 2476 362 2536 pressam
376 2467 448 2522 noto
464 2463 601 2537 pondere
615 2461 690 2523 vidit
702 2461 834 2521 humum.

60 2551 114 2606 455
128 2543 266 2604 Forsitan
284 2543 335 2602 illa
349 2543 415 2603 dies
433 2545 545 2606 erroris
560 2561 677 2606 summa
689 2544 805 2619 luisset,

172 2625 204 2687 Si
219 2641 281 2685 non
296 2626 469 2687 turbassent
483 2629 570 2703 signa
583 2635 705 2705 reperta
720 2643 803 2688 sucs

130 2709 255 2785 lamque
268 2709 433 2770 Leontinos
447 2711 667 2786 Amenanaque
680 2710 806 2770 lluminc
821 2726 912 2771 cursu

170 2792 315 2853 Praeterit
329 2800 360 2853 et
372 2792 471 2869 ripas,
494 2792 627 2853 herbiler
640 2793 706 2868 Aci,
728 2801 812 2856 tunes

129 2875 274 2935 Praeterit
288 2883 321 2950 el
333 2875 456 2952 Cyanen
473 2883 503 2938 et
517 2877 616 2936 lentes
632 2876 709 2937 lenis
723 2879 825 2954 Anapi

60 2967 113 3022 470
161 2959 198 3018 Et
214 2966 257 3030 te,
277 2957 441 3019 verticibus
457 2976 517 3020 nou
533 2959 673 3018 adeunde
688 2959 771 3020 Gela.

130 3041 273 3115 Liquerat
289 3040 433 3117 Ortygien
447 3042 650 3118 Megareaque
663 3041 898 3119 Pantagienque,

172 3123 297 3198 Quaque
314 3123 515 3202 Symaetheas
531 3124 642 3201 accipit
656 3140 772 3199 aequor
785 3141 893 3200 aquas,

130 3208 289 3283 Antraque
304 3207 471 3286 Cyclopum
486 3207 595 3284 positis
611 3214 721 3269 exusta
736 3207 872 3282 caminis,

172 3290 290 3364 Quique
304 3291 391 3352 locus
407 3307 520 3352 curvae
534 3290 657 3353 nominc
671 3290 758 3351 lalcis
772 3289 878 3350 habete

60 3381 116 3436 475
130 3373 315 3448 Himeraque
330 3380 360 3433 et
369 3374 519 3450 Didymen
531 3373 765 3450 Acragantaque
775 3373 1056 3450 Taurontenenque.

174 3457 399 3532 Sacrarumque
408 3455 512 3531 Mylan
528 3473 645 3534 pascua
658 3458 738 3519 laeta
750 3456 856 3517 boum.
