<?xml version="1.0" encoding="UTF-8"?>
<!DOCTYPE html PUBLIC "-//W3C//DTD XHTML 1.0 Transitional//EN"
    "http://www.w3.org/TR/xhtml1/DTD/xhtml1-transitional.dtd">
<html xmlns="http://www.w3.org/1999/xhtml" xml:lang="en" lang="en">
 <head>
  <title>
</title>
<meta http-equiv="Content-Type" content="text/html;charset=utf-8" />
  <meta name='ocr-system' content='tesseract 3.04.00' />
  <meta name='ocr-capabilities' content='ocr_page ocr_carea ocr_par ocr_line ocrx_word'/>
</head>
<body>
  <div class='ocr_page' id='page_1' title='image "./povidiusnasoexr00merkgoog_0266.png"; bbox 0 0 2318 3960; ppageno 0'>
   <div class='ocr_carea' id='block_1_1' title="bbox 391 197 1048 276">
    <p class='ocr_par' dir='ltr' id='par_1_1' title="bbox 391 197 1048 276">
     <span class='ocr_line' id='line_1_1' title="bbox 391 197 1048 276; baseline 0.014 -19"><span class='ocrx_word' id='word_1_1' title='bbox 391 200 434 276; x_wconf 92' lang='lat' dir='ltr'>n,</span> <span class='ocrx_word' id='word_1_2' title='bbox 456 197 616 276; x_wconf 77' lang='lat' dir='ltr'>ata-111,</span> <span class='ocrx_word' id='word_1_3' title='bbox 638 201 690 264; x_wconf 80' lang='grc'>43.</span> <span class='ocrx_word' id='word_1_4' title='bbox 986 202 1048 266; x_wconf 80' lang='lat' dir='ltr'>ata</span> 
     </span>
    </p>
   </div>
   <div class='ocr_carea' id='block_1_2' title="bbox 56 349 1026 930">
    <p class='ocr_par' dir='ltr' id='par_1_2' title="bbox 56 349 1026 930">
     <span class='ocr_line' id='line_1_2' title="bbox 115 349 1026 425; baseline 0.004 -13"><span class='ocrx_word' id='word_1_5' title='bbox 115 349 202 412; x_wconf 74' lang='grc'><strong>’11313</strong></span> <span class='ocrx_word' id='word_1_6' title='bbox 218 365 341 425; x_wconf 91' lang='lat' dir='ltr'>quoque</span> <span class='ocrx_word' id='word_1_7' title='bbox 355 350 480 410; x_wconf 87' lang='lat' dir='ltr'>inermis</span> <span class='ocrx_word' id='word_1_8' title='bbox 495 367 578 424; x_wconf 89' lang='lat' dir='ltr'>eras,</span> <span class='ocrx_word' id='word_1_9' title='bbox 603 369 670 412; x_wconf 90' lang='lat' dir='ltr'>cum</span> <span class='ocrx_word' id='word_1_10' title='bbox 686 360 715 414; x_wconf 87' lang='lat' dir='ltr'>tc</span> <span class='ocrx_word' id='word_1_11' title='bbox 728 356 867 416; x_wconf 88' lang='lat' dir='ltr'>Romana</span> <span class='ocrx_word' id='word_1_12' title='bbox 880 355 1026 416; x_wconf 78' lang='lat' dir='ltr'><strong>sacerdos</strong></span> 
     </span>
     <span class='ocr_line' id='line_1_3' title="bbox 59 432 842 510; baseline 0.005 -18"><span class='ocrx_word' id='word_1_13' title='bbox 59 438 97 492; x_wconf 88' lang='lat'>10</span> <span class='ocrx_word' id='word_1_14' title='bbox 158 432 259 509; x_wconf 81' lang='lat' dir='ltr'>Cepit,</span> <span class='ocrx_word' id='word_1_15' title='bbox 281 441 314 494; x_wconf 90' lang='lat' dir='ltr'>ul</span> <span class='ocrx_word' id='word_1_16' title='bbox 328 433 399 493; x_wconf 95' lang='lat' dir='ltr'>huic</span> <span class='ocrx_word' id='word_1_17' title='bbox 413 433 488 493; x_wconf 89' lang='lat' dir='ltr'>Urbi</span> <span class='ocrx_word' id='word_1_18' title='bbox 503 435 621 495; x_wconf 90' lang='lat' dir='ltr'>semina</span> <span class='ocrx_word' id='word_1_19' title='bbox 634 435 727 510; x_wconf 88' lang='lat' dir='ltr'>digna</span> <span class='ocrx_word' id='word_1_20' title='bbox 742 438 842 497; x_wconf 85' lang='lat' dir='ltr'>dares.</span> 
     </span>
     <span class='ocr_line' id='line_1_4' title="bbox 116 516 894 590; baseline 0.004 -15"><span class='ocrx_word' id='word_1_21' title='bbox 116 516 171 576; x_wconf 90' lang='lat' dir='ltr'>llia</span> <span class='ocrx_word' id='word_1_22' title='bbox 183 517 352 579; x_wconf 84' lang='lat' dir='ltr'><strong>Vestalis...</strong></span> <span class='ocrx_word' id='word_1_23' title='bbox 371 516 447 590; x_wconf 92' lang='lat' dir='ltr'>quid</span> <span class='ocrx_word' id='word_1_24' title='bbox 462 518 541 576; x_wconf 90' lang='lat' dir='ltr'>enim</span> <span class='ocrx_word' id='word_1_25' title='bbox 555 525 638 579; x_wconf 86' lang='lat' dir='ltr'>vetat</span> <span class='ocrx_word' id='word_1_26' title='bbox 651 519 722 579; x_wconf 89' lang='lat' dir='ltr'>inde</span> <span class='ocrx_word' id='word_1_27' title='bbox 737 522 894 580; x_wconf 75' lang='lat' dir='ltr'>moverit..</span> 
     </span>
     <span class='ocr_line' id='line_1_5' title="bbox 158 599 783 678; baseline 0.003 -18"><span class='ocrx_word' id='word_1_28' title='bbox 158 599 253 660; x_wconf 87' lang='lat' dir='ltr'>Sacra</span> <span class='ocrx_word' id='word_1_29' title='bbox 266 602 420 659; x_wconf 82' lang='lat' dir='ltr'>lavaturas</span> <span class='ocrx_word' id='word_1_30' title='bbox 434 616 524 660; x_wconf 91' lang='lat' dir='ltr'>mane</span> <span class='ocrx_word' id='word_1_31' title='bbox 538 601 662 676; x_wconf 89' lang='lat' dir='ltr'>petebat</span> <span class='ocrx_word' id='word_1_32' title='bbox 675 619 783 678; x_wconf 87' lang='lat' dir='ltr'>aquas.</span> 
     </span>
     <span class='ocr_line' id='line_1_6' title="bbox 114 682 902 763; baseline 0.001 -20"><span class='ocrx_word' id='word_1_33' title='bbox 114 685 248 744; x_wconf 82' lang='lat' dir='ltr'><strong>Ventum</strong></span> <span class='ocrx_word' id='word_1_34' title='bbox 262 691 327 743; x_wconf 87' lang='lat' dir='ltr'>erat</span> <span class='ocrx_word' id='word_1_35' title='bbox 341 682 381 742; x_wconf 89' lang='lat' dir='ltr'>ad</span> <span class='ocrx_word' id='word_1_36' title='bbox 396 684 478 742; x_wconf 92' lang='lat' dir='ltr'>molli</span> <span class='ocrx_word' id='word_1_37' title='bbox 494 685 644 744; x_wconf 88' lang='lat' dir='ltr'>declivem</span> <span class='ocrx_word' id='word_1_38' title='bbox 659 687 776 747; x_wconf 87' lang='lat' dir='ltr'>tramite</span> <span class='ocrx_word' id='word_1_39' title='bbox 791 689 902 763; x_wconf 81' lang='lat' dir='ltr'>ripam:</span> 
     </span>
     <span class='ocr_line' id='line_1_7' title="bbox 156 766 760 831; baseline 0.005 -6"><span class='ocrx_word' id='word_1_40' title='bbox 156 766 280 827; x_wconf 83' lang='lat' dir='ltr'><strong>Ponitur</strong></span> <span class='ocrx_word' id='word_1_41' title='bbox 294 783 312 827; x_wconf 90' lang='lat' dir='ltr'>e</span> <span class='ocrx_word' id='word_1_42' title='bbox 326 783 445 826; x_wconf 91' lang='lat' dir='ltr'>summa</span> <span class='ocrx_word' id='word_1_43' title='bbox 459 767 558 827; x_wconf 88' lang='lat' dir='ltr'>lictilis</span> <span class='ocrx_word' id='word_1_44' title='bbox 572 785 649 829; x_wconf 90' lang='lat' dir='ltr'>urna</span> <span class='ocrx_word' id='word_1_45' title='bbox 663 785 760 831; x_wconf 90' lang='lat' dir='ltr'>coma.</span> 
     </span>
     <span class='ocr_line' id='line_1_8' title="bbox 56 849 892 930; baseline 0.002 -20"><span class='ocrx_word' id='word_1_46' title='bbox 56 859 93 912; x_wconf 82' lang='lat'>15</span> <span class='ocrx_word' id='word_1_47' title='bbox 109 850 209 910; x_wconf 84' lang='lat' dir='ltr'>Fessa</span> <span class='ocrx_word' id='word_1_48' title='bbox 222 849 341 911; x_wconf 82' lang='lat' dir='ltr'>resedit</span> <span class='ocrx_word' id='word_1_49' title='bbox 355 850 452 925; x_wconf 90' lang='lat' dir='ltr'>humi,</span> <span class='ocrx_word' id='word_1_50' title='bbox 468 857 641 927; x_wconf 87' lang='lat' dir='ltr'>ventosque</span> <span class='ocrx_word' id='word_1_51' title='bbox 656 856 774 930; x_wconf 86' lang='lat' dir='ltr'>accepit</span> <span class='ocrx_word' id='word_1_52' title='bbox 788 863 892 930; x_wconf 87' lang='lat' dir='ltr'>aperto</span> 
     </span>
    </p>
   </div>
   <div class='ocr_carea' id='block_1_3' title="bbox 52 932 1020 3515">
    <p class='ocr_par' dir='ltr' id='par_1_3' title="bbox 52 932 1020 3515">
     <span class='ocr_line' id='line_1_9' title="bbox 150 932 775 1009; baseline 0.005 -17"><span class='ocrx_word' id='word_1_53' title='bbox 150 933 290 1006; x_wconf 87' lang='lat' dir='ltr'>Pectore,</span> <span class='ocrx_word' id='word_1_54' title='bbox 305 932 440 994; x_wconf 88' lang='lat' dir='ltr'>turbatas</span> <span class='ocrx_word' id='word_1_55' title='bbox 453 935 646 1009; x_wconf 73' lang='lat' dir='ltr'>restituitque</span> <span class='ocrx_word' id='word_1_56' title='bbox 661 952 775 997; x_wconf 89' lang='lat' dir='ltr'>comas.</span> 
     </span>
     <span class='ocr_line' id='line_1_10' title="bbox 109 1016 988 1095; baseline 0.005 -18"><span class='ocrx_word' id='word_1_57' title='bbox 109 1019 187 1077; x_wconf 89' lang='lat' dir='ltr'>Dum</span> <span class='ocrx_word' id='word_1_58' title='bbox 203 1017 307 1091; x_wconf 90' lang='lat' dir='ltr'>sedet,</span> <span class='ocrx_word' id='word_1_59' title='bbox 331 1016 495 1077; x_wconf 85' lang='lat' dir='ltr'>umbrosae</span> <span class='ocrx_word' id='word_1_60' title='bbox 511 1018 623 1078; x_wconf 84' lang='lat' dir='ltr'>salices</span> <span class='ocrx_word' id='word_1_61' title='bbox 637 1020 841 1095; x_wconf 89' lang='lat' dir='ltr'>volucresque</span> <span class='ocrx_word' id='word_1_62' title='bbox 857 1036 988 1081; x_wconf 87' lang='lat' dir='ltr'>canorae</span> 
     </span>
     <span class='ocr_line' id='line_1_11' title="bbox 150 1101 842 1179; baseline 0.003 -19"><span class='ocrx_word' id='word_1_63' title='bbox 150 1101 302 1160; x_wconf 83' lang='lat' dir='ltr'>Fecerunt</span> <span class='ocrx_word' id='word_1_64' title='bbox 317 1116 446 1160; x_wconf 89' lang='lat' dir='ltr'>somnos</span> <span class='ocrx_word' id='word_1_65' title='bbox 460 1105 490 1159; x_wconf 90' lang='lat' dir='ltr'>ct</span> <span class='ocrx_word' id='word_1_66' title='bbox 503 1102 572 1161; x_wconf 91' lang='lat' dir='ltr'>leve</span> <span class='ocrx_word' id='word_1_67' title='bbox 585 1118 720 1163; x_wconf 87' lang='lat' dir='ltr'>murmur</span> <span class='ocrx_word' id='word_1_68' title='bbox 734 1120 842 1179; x_wconf 90' lang='lat' dir='ltr'>aquae.</span> 
     </span>
     <span class='ocr_line' id='line_1_12' title="bbox 108 1184 836 1261; baseline 0.007 -18"><span class='ocrx_word' id='word_1_69' title='bbox 108 1185 228 1244; x_wconf 89' lang='lat' dir='ltr'>Blanda</span> <span class='ocrx_word' id='word_1_70' title='bbox 242 1184 331 1260; x_wconf 89' lang='lat' dir='ltr'>quies</span> <span class='ocrx_word' id='word_1_71' title='bbox 347 1185 447 1245; x_wconf 90' lang='lat' dir='ltr'>lurtirn</span> <span class='ocrx_word' id='word_1_72' title='bbox 467 1185 554 1244; x_wconf 89' lang='lat' dir='ltr'>victis</span> <span class='ocrx_word' id='word_1_73' title='bbox 571 1186 709 1261; x_wconf 88' lang='lat' dir='ltr'>obrepsit</span> <span class='ocrx_word' id='word_1_74' title='bbox 722 1188 836 1259; x_wconf 82' lang='lat' dir='ltr'>ocellis,</span> 
     </span>
     <span class='ocr_line' id='line_1_13' title="bbox 52 1269 815 1342; baseline 0 -14"><span class='ocrx_word' id='word_1_75' title='bbox 52 1278 92 1328; x_wconf 78' lang='lat'>20</span> <span class='ocrx_word' id='word_1_76' title='bbox 147 1269 185 1327; x_wconf 80' lang='lat' dir='ltr'>Et</span> <span class='ocrx_word' id='word_1_77' title='bbox 199 1269 281 1328; x_wconf 90' lang='lat' dir='ltr'>cadit</span> <span class='ocrx_word' id='word_1_78' title='bbox 295 1283 314 1326; x_wconf 90' lang='lat' dir='ltr'>a</span> <span class='ocrx_word' id='word_1_79' title='bbox 328 1274 430 1327; x_wconf 89' lang='lat' dir='ltr'>mento</span> <span class='ocrx_word' id='word_1_80' title='bbox 445 1269 590 1342; x_wconf 88' lang='lat' dir='ltr'>languida</span> <span class='ocrx_word' id='word_1_81' title='bbox 605 1270 685 1329; x_wconf 89' lang='lat' dir='ltr'>iacta</span> <span class='ocrx_word' id='word_1_82' title='bbox 698 1287 815 1330; x_wconf 90' lang='lat' dir='ltr'>manus.</span> 
     </span>
     <span class='ocr_line' id='line_1_14' title="bbox 109 1352 1020 1430; baseline 0.005 -20"><span class='ocrx_word' id='word_1_83' title='bbox 109 1352 191 1411; x_wconf 88' lang='lat' dir='ltr'>Mars</span> <span class='ocrx_word' id='word_1_84' title='bbox 206 1352 291 1410; x_wconf 91' lang='lat' dir='ltr'>videt</span> <span class='ocrx_word' id='word_1_85' title='bbox 305 1352 400 1424; x_wconf 90' lang='lat' dir='ltr'>hanc,</span> <span class='ocrx_word' id='word_1_86' title='bbox 423 1352 584 1428; x_wconf 85' lang='lat' dir='ltr'>visamque</span> <span class='ocrx_word' id='word_1_87' title='bbox 601 1353 698 1429; x_wconf 89' lang='lat' dir='ltr'>cupit,</span> <span class='ocrx_word' id='word_1_88' title='bbox 722 1354 896 1429; x_wconf 84' lang='lat' dir='ltr'>potiturque</span> <span class='ocrx_word' id='word_1_89' title='bbox 911 1356 1020 1430; x_wconf 78' lang='lat' dir='ltr'>cupita,</span> 
     </span>
     <span class='ocr_line' id='line_1_15' title="bbox 151 1435 677 1512; baseline 0.002 -17"><span class='ocrx_word' id='word_1_90' title='bbox 151 1436 189 1496; x_wconf 85' lang='lat' dir='ltr'>Et</span> <span class='ocrx_word' id='word_1_91' title='bbox 203 1451 260 1496; x_wconf 93' lang='lat' dir='ltr'>sua</span> <span class='ocrx_word' id='word_1_92' title='bbox 275 1435 378 1494; x_wconf 89' lang='lat' dir='ltr'>divina</span> <span class='ocrx_word' id='word_1_93' title='bbox 393 1435 474 1495; x_wconf 84' lang='lat' dir='ltr'>turta</span> <span class='ocrx_word' id='word_1_94' title='bbox 488 1437 593 1496; x_wconf 87' lang='lat' dir='ltr'>lelellit</span> <span class='ocrx_word' id='word_1_95' title='bbox 608 1452 677 1512; x_wconf 89' lang='lat' dir='ltr'>ope.</span> 
     </span>
     <span class='ocr_line' id='line_1_16' title="bbox 111 1518 936 1594; baseline 0.004 -16"><span class='ocrx_word' id='word_1_96' title='bbox 111 1519 243 1579; x_wconf 90' lang='lat' dir='ltr'>Somnus</span> <span class='ocrx_word' id='word_1_97' title='bbox 256 1518 334 1593; x_wconf 86' lang='lat' dir='ltr'>abit,</span> <span class='ocrx_word' id='word_1_98' title='bbox 349 1518 429 1578; x_wconf 90' lang='lat' dir='ltr'>iacet</span> <span class='ocrx_word' id='word_1_99' title='bbox 443 1520 494 1578; x_wconf 90' lang='grc'><strong>1113</strong></span> <span class='ocrx_word' id='word_1_100' title='bbox 508 1520 620 1594; x_wconf 83' lang='lat' dir='ltr'>gravis.</span> <span class='ocrx_word' id='word_1_101' title='bbox 651 1521 712 1581; x_wconf 90' lang='lat' dir='ltr'>iam</span> <span class='ocrx_word' id='word_1_102' title='bbox 727 1520 845 1581; x_wconf 92' lang='lat' dir='ltr'>scilicet</span> <span class='ocrx_word' id='word_1_103' title='bbox 858 1521 936 1581; x_wconf 89' lang='lat' dir='ltr'>intra</span> 
     </span>
     <span class='ocr_line' id='line_1_17' title="bbox 149 1603 797 1665; baseline 0.002 -5"><span class='ocrx_word' id='word_1_104' title='bbox 149 1604 278 1661; x_wconf 85' lang='lat' dir='ltr'>Viscera</span> <span class='ocrx_word' id='word_1_105' title='bbox 291 1603 449 1662; x_wconf 83' lang='lat' dir='ltr'>Romanae</span> <span class='ocrx_word' id='word_1_106' title='bbox 465 1603 606 1664; x_wconf 89' lang='lat' dir='ltr'>conditor</span> <span class='ocrx_word' id='word_1_107' title='bbox 618 1604 709 1665; x_wconf 90' lang='lat' dir='ltr'>Urbis</span> <span class='ocrx_word' id='word_1_108' title='bbox 725 1611 797 1665; x_wconf 89' lang='lat' dir='ltr'>erat.</span> 
     </span>
     <span class='ocr_line' id='line_1_18' title="bbox 52 1685 970 1763; baseline 0.002 -17"><span class='ocrx_word' id='word_1_109' title='bbox 52 1696 91 1746; x_wconf 74' lang='lat'>25</span> <span class='ocrx_word' id='word_1_110' title='bbox 106 1685 265 1760; x_wconf 80' lang='lat' dir='ltr'>Languida</span> <span class='ocrx_word' id='word_1_111' title='bbox 280 1686 452 1761; x_wconf 83' lang='lat' dir='ltr'>consurgit,</span> <span class='ocrx_word' id='word_1_112' title='bbox 476 1702 534 1746; x_wconf 91' lang='lat' dir='ltr'>nec</span> <span class='ocrx_word' id='word_1_113' title='bbox 549 1688 608 1748; x_wconf 91' lang='lat' dir='ltr'>scit</span> <span class='ocrx_word' id='word_1_114' title='bbox 622 1703 677 1748; x_wconf 87' lang='lat' dir='ltr'>cur</span> <span class='ocrx_word' id='word_1_115' title='bbox 689 1688 835 1763; x_wconf 87' lang='lat' dir='ltr'>languida</span> <span class='ocrx_word' id='word_1_116' title='bbox 856 1695 970 1763; x_wconf 89' lang='lat' dir='ltr'>surgat,</span> 
     </span>
     <span class='ocr_line' id='line_1_19' title="bbox 147 1769 738 1843; baseline -0.002 -15"><span class='ocrx_word' id='word_1_117' title='bbox 147 1769 184 1829; x_wconf 85' lang='lat' dir='ltr'>Et</span> <span class='ocrx_word' id='word_1_118' title='bbox 200 1770 316 1843; x_wconf 84' lang='lat' dir='ltr'>peragit</span> <span class='ocrx_word' id='word_1_119' title='bbox 330 1770 400 1830; x_wconf 90' lang='lat' dir='ltr'>talis</span> <span class='ocrx_word' id='word_1_120' title='bbox 416 1769 525 1830; x_wconf 90' lang='lat' dir='ltr'>arbore</span> <span class='ocrx_word' id='word_1_121' title='bbox 540 1771 612 1831; x_wconf 87' lang='lat' dir='ltr'>nixa</span> <span class='ocrx_word' id='word_1_122' title='bbox 626 1787 738 1832; x_wconf 80' lang='lat' dir='ltr'>scn0s=</span> 
     </span>
     <span class='ocr_line' id='line_1_20' title="bbox 108 1853 984 1929; baseline 0.003 -16"><span class='ocrx_word' id='word_1_123' title='bbox 108 1853 199 1913; x_wconf 78' lang='lat' dir='ltr'>‘Utile</span> <span class='ocrx_word' id='word_1_124' title='bbox 218 1853 258 1912; x_wconf 89' lang='lat' dir='ltr'>sit</span> <span class='ocrx_word' id='word_1_125' title='bbox 272 1853 476 1927; x_wconf 81' lang='lat' dir='ltr'>faustumque,</span> <span class='ocrx_word' id='word_1_126' title='bbox 498 1869 616 1929; x_wconf 90' lang='lat' dir='ltr'>precor,</span> <span class='ocrx_word' id='word_1_127' title='bbox 641 1856 725 1929; x_wconf 92' lang='lat' dir='ltr'>quod</span> <span class='ocrx_word' id='word_1_128' title='bbox 740 1855 871 1929; x_wconf 84' lang='lat' dir='ltr'>imagine</span> <span class='ocrx_word' id='word_1_129' title='bbox 886 1856 984 1916; x_wconf 89' lang='lat' dir='ltr'>somni</span> 
     </span>
     <span class='ocr_line' id='line_1_21' title="bbox 149 1937 813 1998; baseline 0.002 -3"><span class='ocrx_word' id='word_1_130' title='bbox 149 1937 302 1997; x_wconf 89' lang='lat' dir='ltr'>Vidimus.</span> <span class='ocrx_word' id='word_1_131' title='bbox 332 1954 370 1996; x_wconf 89' lang='lat' dir='ltr'>an</span> <span class='ocrx_word' id='word_1_132' title='bbox 388 1953 496 1996; x_wconf 90' lang='lat' dir='ltr'>somno</span> <span class='ocrx_word' id='word_1_133' title='bbox 512 1938 624 1997; x_wconf 88' lang='lat' dir='ltr'>clarius</span> <span class='ocrx_word' id='word_1_134' title='bbox 638 1937 713 1998; x_wconf 93' lang='lat' dir='ltr'>illud</span> <span class='ocrx_word' id='word_1_135' title='bbox 728 1945 813 1998; x_wconf 75' lang='lat' dir='ltr'>erati</span> 
     </span>
     <span class='ocr_line' id='line_1_22' title="bbox 107 2020 834 2096; baseline 0.003 -17"><span class='ocrx_word' id='word_1_136' title='bbox 107 2021 232 2095; x_wconf 88' lang='lat' dir='ltr'>Ignibus</span> <span class='ocrx_word' id='word_1_137' title='bbox 248 2020 349 2081; x_wconf 89' lang='lat' dir='ltr'>Iliacis</span> <span class='ocrx_word' id='word_1_138' title='bbox 365 2021 504 2092; x_wconf 87' lang='lat' dir='ltr'>aderam,</span> <span class='ocrx_word' id='word_1_139' title='bbox 528 2037 596 2080; x_wconf 92' lang='lat' dir='ltr'>cum</span> <span class='ocrx_word' id='word_1_140' title='bbox 612 2021 701 2096; x_wconf 88' lang='lat' dir='ltr'>lapso</span> <span class='ocrx_word' id='word_1_141' title='bbox 716 2021 834 2096; x_wconf 89' lang='lat' dir='ltr'>capillis</span> 
     </span>
     <span class='ocr_line' id='line_1_23' title="bbox 55 2104 781 2166; baseline -0.007 0"><span class='ocrx_word' id='word_1_142' title='bbox 55 2112 94 2166; x_wconf 78' lang='lat'>30</span> <span class='ocrx_word' id='word_1_143' title='bbox 151 2104 271 2164; x_wconf 88' lang='lat' dir='ltr'>Decidit</span> <span class='ocrx_word' id='word_1_144' title='bbox 284 2114 354 2164; x_wconf 89' lang='lat' dir='ltr'>ante</span> <span class='ocrx_word' id='word_1_145' title='bbox 369 2119 476 2164; x_wconf 87' lang='lat' dir='ltr'>sacros</span> <span class='ocrx_word' id='word_1_146' title='bbox 492 2105 581 2163; x_wconf 89' lang='lat' dir='ltr'>lanea</span> <span class='ocrx_word' id='word_1_147' title='bbox 594 2104 668 2163; x_wconf 86' lang='lat' dir='ltr'>vitta</span> <span class='ocrx_word' id='word_1_148' title='bbox 682 2106 781 2164; x_wconf 91' lang='lat' dir='ltr'>locos.</span> 
     </span>
     <span class='ocr_line' id='line_1_24' title="bbox 108 2187 820 2264; baseline 0.003 -18"><span class='ocrx_word' id='word_1_149' title='bbox 108 2188 183 2247; x_wconf 90' lang='lat' dir='ltr'>lnde</span> <span class='ocrx_word' id='word_1_150' title='bbox 199 2187 278 2247; x_wconf 88' lang='lat' dir='ltr'>duae</span> <span class='ocrx_word' id='word_1_151' title='bbox 294 2189 419 2264; x_wconf 90' lang='lat' dir='ltr'>pariter,</span> <span class='ocrx_word' id='word_1_152' title='bbox 444 2187 511 2247; x_wconf 91' lang='lat' dir='ltr'>visu</span> <span class='ocrx_word' id='word_1_153' title='bbox 526 2187 677 2261; x_wconf 91' lang='lat' dir='ltr'>mirabile,</span> <span class='ocrx_word' id='word_1_154' title='bbox 700 2189 820 2263; x_wconf 90' lang='lat' dir='ltr'>palmae</span> 
     </span>
     <span class='ocr_line' id='line_1_25' title="bbox 149 2271 746 2346; baseline -0.002 -15"><span class='ocrx_word' id='word_1_155' title='bbox 149 2271 291 2346; x_wconf 89' lang='lat' dir='ltr'>Surgunt.</span> <span class='ocrx_word' id='word_1_156' title='bbox 320 2288 360 2331; x_wconf 89' lang='lat' dir='ltr'>ex</span> <span class='ocrx_word' id='word_1_157' title='bbox 375 2271 435 2331; x_wconf 91' lang='lat' dir='ltr'>illis</span> <span class='ocrx_word' id='word_1_158' title='bbox 450 2271 545 2331; x_wconf 88' lang='lat' dir='ltr'>altera</span> <span class='ocrx_word' id='word_1_159' title='bbox 561 2271 659 2332; x_wconf 90' lang='lat' dir='ltr'>maior</span> <span class='ocrx_word' id='word_1_160' title='bbox 672 2277 746 2331; x_wconf 88' lang='lat' dir='ltr'>erat.</span> 
     </span>
     <span class='ocr_line' id='line_1_26' title="bbox 108 2354 839 2431; baseline -0.003 -16"><span class='ocrx_word' id='word_1_161' title='bbox 108 2356 145 2415; x_wconf 80' lang='lat' dir='ltr'>llt</span> <span class='ocrx_word' id='word_1_162' title='bbox 159 2354 304 2430; x_wconf 87' lang='lat' dir='ltr'>gravibus</span> <span class='ocrx_word' id='word_1_163' title='bbox 319 2355 411 2416; x_wconf 88' lang='lat' dir='ltr'>ramis</span> <span class='ocrx_word' id='word_1_164' title='bbox 426 2361 520 2415; x_wconf 90' lang='lat' dir='ltr'>totum</span> <span class='ocrx_word' id='word_1_165' title='bbox 538 2362 712 2431; x_wconf 88' lang='lat' dir='ltr'>protexerat</span> <span class='ocrx_word' id='word_1_166' title='bbox 727 2355 839 2426; x_wconf 92' lang='lat' dir='ltr'>orbem,</span> 
     </span>
     <span class='ocr_line' id='line_1_27' title="bbox 151 2438 817 2514; baseline -0.006 -15"><span class='ocrx_word' id='word_1_167' title='bbox 151 2438 384 2514; x_wconf 86' lang='lat' dir='ltr'>Contigeratque</span> <span class='ocrx_word' id='word_1_168' title='bbox 398 2455 455 2497; x_wconf 88' lang='lat' dir='ltr'>sua</span> <span class='ocrx_word' id='word_1_169' title='bbox 470 2438 573 2499; x_wconf 90' lang='lat' dir='ltr'>sidera</span> <span class='ocrx_word' id='word_1_170' title='bbox 588 2456 706 2499; x_wconf 90' lang='lat' dir='ltr'>summa</span> <span class='ocrx_word' id='word_1_171' title='bbox 722 2455 817 2499; x_wconf 88' lang='lat' dir='ltr'>coma.</span> 
     </span>
     <span class='ocr_line' id='line_1_28' title="bbox 57 2522 843 2597; baseline -0.005 -15"><span class='ocrx_word' id='word_1_172' title='bbox 57 2532 95 2584; x_wconf 75' lang='lat'>35</span> <span class='ocrx_word' id='word_1_173' title='bbox 111 2524 191 2583; x_wconf 83' lang='lat' dir='ltr'>Ecce</span> <span class='ocrx_word' id='word_1_174' title='bbox 210 2537 298 2584; x_wconf 90' lang='lat' dir='ltr'>meus</span> <span class='ocrx_word' id='word_1_175' title='bbox 314 2525 426 2582; x_wconf 88' lang='lat' dir='ltr'>lermm</span> <span class='ocrx_word' id='word_1_176' title='bbox 444 2528 569 2597; x_wconf 88' lang='lat' dir='ltr'>patruus</span> <span class='ocrx_word' id='word_1_177' title='bbox 585 2524 707 2583; x_wconf 89' lang='lat' dir='ltr'>molitur</span> <span class='ocrx_word' id='word_1_178' title='bbox 720 2522 751 2581; x_wconf 91' lang='lat' dir='ltr'>in</span> <span class='ocrx_word' id='word_1_179' title='bbox 766 2522 843 2581; x_wconf 89' lang='lat' dir='ltr'>illas.</span> 
     </span>
     <span class='ocr_line' id='line_1_29' title="bbox 149 2605 837 2680; baseline -0.004 -14"><span class='ocrx_word' id='word_1_180' title='bbox 149 2609 279 2666; x_wconf 86' lang='lat' dir='ltr'>Terreor</span> <span class='ocrx_word' id='word_1_181' title='bbox 299 2606 469 2678; x_wconf 87' lang='lat' dir='ltr'>admonitu,</span> <span class='ocrx_word' id='word_1_182' title='bbox 487 2621 602 2680; x_wconf 89' lang='lat' dir='ltr'>corque</span> <span class='ocrx_word' id='word_1_183' title='bbox 617 2606 725 2666; x_wconf 87' lang='lat' dir='ltr'>timore</span> <span class='ocrx_word' id='word_1_184' title='bbox 739 2605 837 2665; x_wconf 89' lang='lat' dir='ltr'>micat.</span> 
     </span>
     <span class='ocr_line' id='line_1_30' title="bbox 109 2689 914 2765; baseline -0.005 -15"><span class='ocrx_word' id='word_1_185' title='bbox 109 2690 231 2762; x_wconf 87' lang='lat' dir='ltr'>Martia,</span> <span class='ocrx_word' id='word_1_186' title='bbox 248 2690 352 2764; x_wconf 89' lang='lat' dir='ltr'>picus,</span> <span class='ocrx_word' id='word_1_187' title='bbox 375 2690 440 2748; x_wconf 90' lang='lat' dir='ltr'>avis</span> <span class='ocrx_word' id='word_1_188' title='bbox 455 2689 574 2762; x_wconf 90' lang='lat' dir='ltr'>gemino</span> <span class='ocrx_word' id='word_1_189' title='bbox 590 2705 647 2763; x_wconf 91' lang='lat' dir='ltr'>pro</span> <span class='ocrx_word' id='word_1_190' title='bbox 662 2690 764 2765; x_wconf 89' lang='lat' dir='ltr'>stipite</span> <span class='ocrx_word' id='word_1_191' title='bbox 780 2696 914 2764; x_wconf 88' lang='lat' dir='ltr'>pugnant</span> 
     </span>
     <span class='ocr_line' id='line_1_31' title="bbox 150 2772 866 2848; baseline -0.003 -16"><span class='ocrx_word' id='word_1_192' title='bbox 150 2775 187 2832; x_wconf 83' lang='lat' dir='ltr'>Et</span> <span class='ocrx_word' id='word_1_193' title='bbox 200 2775 282 2848; x_wconf 91' lang='lat' dir='ltr'>lupa.</span> <span class='ocrx_word' id='word_1_194' title='bbox 310 2780 376 2833; x_wconf 87' lang='lat' dir='ltr'>tuta</span> <span class='ocrx_word' id='word_1_195' title='bbox 390 2788 445 2848; x_wconf 90' lang='lat' dir='ltr'>per</span> <span class='ocrx_word' id='word_1_196' title='bbox 458 2772 516 2831; x_wconf 90' lang='lat' dir='ltr'>hos</span> <span class='ocrx_word' id='word_1_197' title='bbox 531 2779 660 2846; x_wconf 89' lang='lat' dir='ltr'>utraque</span> <span class='ocrx_word' id='word_1_198' title='bbox 676 2776 776 2847; x_wconf 89' lang='lat' dir='ltr'>palma</span> <span class='ocrx_word' id='word_1_199' title='bbox 791 2772 866 2831; x_wconf 84' lang='lat' dir='ltr'>luit’</span> 
     </span>
     <span class='ocr_line' id='line_1_32' title="bbox 110 2855 875 2932; baseline -0.005 -14"><span class='ocrx_word' id='word_1_200' title='bbox 110 2859 248 2930; x_wconf 87' lang='lat' dir='ltr'>Dixerat,</span> <span class='ocrx_word' id='word_1_201' title='bbox 270 2863 301 2916; x_wconf 89' lang='lat' dir='ltr'>et</span> <span class='ocrx_word' id='word_1_202' title='bbox 314 2859 435 2932; x_wconf 90' lang='lat' dir='ltr'>plenam</span> <span class='ocrx_word' id='word_1_203' title='bbox 450 2872 511 2914; x_wconf 90' lang='lat' dir='ltr'>non</span> <span class='ocrx_word' id='word_1_204' title='bbox 526 2855 621 2915; x_wconf 82' lang='lat' dir='ltr'>tinnis</span> <span class='ocrx_word' id='word_1_205' title='bbox 635 2855 752 2916; x_wconf 89' lang='lat' dir='ltr'>viribus</span> <span class='ocrx_word' id='word_1_206' title='bbox 768 2871 875 2915; x_wconf 90' lang='lat' dir='ltr'>urnam</span> 
     </span>
     <span class='ocr_line' id='line_1_33' title="bbox 57 2939 816 3014; baseline -0.009 -12"><span class='ocrx_word' id='word_1_207' title='bbox 57 2953 93 3002; x_wconf 72' lang='lat'>40</span> <span class='ocrx_word' id='word_1_208' title='bbox 150 2940 285 3001; x_wconf 88' lang='lat' dir='ltr'>Sustulit.</span> <span class='ocrx_word' id='word_1_209' title='bbox 314 2941 460 3014; x_wconf 90' lang='lat' dir='ltr'>implerat,</span> <span class='ocrx_word' id='word_1_210' title='bbox 476 2939 547 2999; x_wconf 91' lang='lat' dir='ltr'>dnm</span> <span class='ocrx_word' id='word_1_211' title='bbox 564 2955 621 2999; x_wconf 88' lang='lat' dir='ltr'>sua</span> <span class='ocrx_word' id='word_1_212' title='bbox 636 2940 703 2998; x_wconf 88' lang='lat' dir='ltr'>visa</span> <span class='ocrx_word' id='word_1_213' title='bbox 716 2940 816 2998; x_wconf 82' lang='lat' dir='ltr'>refert.</span> 
     </span>
     <span class='ocr_line' id='line_1_34' title="bbox 108 3021 850 3096; baseline -0.004 -12"><span class='ocrx_word' id='word_1_214' title='bbox 108 3025 228 3084; x_wconf 87' lang='lat' dir='ltr'>Interea</span> <span class='ocrx_word' id='word_1_215' title='bbox 241 3028 400 3083; x_wconf 88' lang='lat' dir='ltr'>crescente</span> <span class='ocrx_word' id='word_1_216' title='bbox 413 3023 526 3096; x_wconf 86' lang='lat' dir='ltr'>Remo,</span> <span class='ocrx_word' id='word_1_217' title='bbox 546 3028 703 3082; x_wconf 87' lang='lat' dir='ltr'>crescente</span> <span class='ocrx_word' id='word_1_218' title='bbox 718 3021 850 3095; x_wconf 77' lang='lat' dir='ltr'>Quirino,</span> 
     </span>
     <span class='ocr_line' id='line_1_35' title="bbox 151 3106 788 3182; baseline -0.013 -13"><span class='ocrx_word' id='word_1_219' title='bbox 151 3107 280 3169; x_wconf 85' lang='lat' dir='ltr'>Caelesti</span> <span class='ocrx_word' id='word_1_220' title='bbox 295 3106 429 3168; x_wconf 90' lang='lat' dir='ltr'>tumidus</span> <span class='ocrx_word' id='word_1_221' title='bbox 445 3107 582 3182; x_wconf 88' lang='lat' dir='ltr'>pondere</span> <span class='ocrx_word' id='word_1_222' title='bbox 596 3111 702 3165; x_wconf 89' lang='lat' dir='ltr'>venter</span> <span class='ocrx_word' id='word_1_223' title='bbox 715 3112 788 3164; x_wconf 88' lang='lat' dir='ltr'>erat.</span> 
     </span>
     <span class='ocr_line' id='line_1_36' title="bbox 110 3188 831 3267; baseline -0.01 -14"><span class='ocrx_word' id='word_1_224' title='bbox 110 3193 176 3267; x_wconf 81' lang='lat' dir='ltr'>Quo</span> <span class='ocrx_word' id='word_1_225' title='bbox 192 3191 292 3251; x_wconf 90' lang='lat' dir='ltr'>minus</span> <span class='ocrx_word' id='word_1_226' title='bbox 307 3191 440 3250; x_wconf 89' lang='lat' dir='ltr'>emeritis</span> <span class='ocrx_word' id='word_1_227' title='bbox 456 3191 553 3250; x_wconf 89' lang='lat' dir='ltr'>exiret</span> <span class='ocrx_word' id='word_1_228' title='bbox 568 3188 709 3249; x_wconf 90' lang='lat' dir='ltr'>cursibus</span> <span class='ocrx_word' id='word_1_229' title='bbox 725 3202 831 3261; x_wconf 89' lang='lat' dir='ltr'>annus,</span> 
     </span>
     <span class='ocr_line' id='line_1_37' title="bbox 146 3271 768 3347; baseline -0.014 -10"><span class='ocrx_word' id='word_1_230' title='bbox 146 3273 318 3337; x_wconf 86' lang='lat' dir='ltr'>Restabant</span> <span class='ocrx_word' id='word_1_231' title='bbox 331 3273 427 3334; x_wconf 93' lang='lat' dir='ltr'>nitido</span> <span class='ocrx_word' id='word_1_232' title='bbox 442 3273 502 3333; x_wconf 90' lang='lat' dir='ltr'>iam</span> <span class='ocrx_word' id='word_1_233' title='bbox 517 3275 579 3334; x_wconf 91' lang='lat' dir='ltr'>duo</span> <span class='ocrx_word' id='word_1_234' title='bbox 595 3273 684 3347; x_wconf 83' lang='lat' dir='ltr'>signa</span> <span class='ocrx_word' id='word_1_235' title='bbox 698 3271 768 3332; x_wconf 87' lang='lat' dir='ltr'>deo.</span> 
     </span>
     <span class='ocr_line' id='line_1_38' title="bbox 63 3355 848 3422; baseline -0.01 -2"><span class='ocrx_word' id='word_1_236' title='bbox 63 3370 97 3422; x_wconf 71' lang='lat'>45</span> <span class='ocrx_word' id='word_1_237' title='bbox 113 3359 209 3420; x_wconf 84' lang='lat' dir='ltr'>Silm‘a</span> <span class='ocrx_word' id='word_1_238' title='bbox 223 3359 256 3418; x_wconf 87' lang='lat' dir='ltr'>lit</span> <span class='ocrx_word' id='word_1_239' title='bbox 270 3364 381 3417; x_wconf 77' lang='lat' dir='ltr'>mater:</span> <span class='ocrx_word' id='word_1_240' title='bbox 403 3357 520 3417; x_wconf 86' lang='lat' dir='ltr'>Vestae</span> <span class='ocrx_word' id='word_1_241' title='bbox 535 3356 696 3417; x_wconf 88' lang='lat' dir='ltr'>simulacra</span> <span class='ocrx_word' id='word_1_242' title='bbox 711 3355 848 3415; x_wconf 84' lang='lat' dir='ltr'>teruntur</span> 
     </span>
     <span class='ocr_line' id='line_1_39' title="bbox 151 3440 765 3515; baseline -0.013 -13"><span class='ocrx_word' id='word_1_243' title='bbox 151 3440 314 3515; x_wconf 82' lang='lat' dir='ltr'>virgineas</span> <span class='ocrx_word' id='word_1_244' title='bbox 332 3441 430 3502; x_wconf 93' lang='lat' dir='ltr'>oculis</span> <span class='ocrx_word' id='word_1_245' title='bbox 445 3441 632 3515; x_wconf 89' lang='lat' dir='ltr'>opposuisse</span> <span class='ocrx_word' id='word_1_246' title='bbox 647 3456 765 3500; x_wconf 72' lang='lat' dir='ltr'>manue.</span> 
     </span>
    </p>
   </div>
   <div class='ocr_carea' id='block_1_4' title="bbox 0 0 1164 3960">
    <p class='ocr_par' dir='ltr' id='par_1_4' title="bbox 0 0 1164 3960">
     <span class='ocr_line' id='line_1_40' title="bbox 0 0 1164 3960; baseline 0 0"><span class='ocrx_word' id='word_1_247' title='bbox 0 0 1164 3960; x_wconf 95' lang='lat' dir='ltr'> </span> 
     </span>
    </p>
   </div>
  </div>
 </body>
</html>
