2294 3854
93 232 156 299 234
471 228 724 291 basmonum

175 385 249 445 ludo
263 384 350 445 netas
364 383 478 443 docimi
491 398 589 456 genus
606 381 665 441 hoc
679 380 844 457 imponere
864 382 1000 463 meusis,

216 469 276 528 Nec
295 467 410 528 violant
422 466 518 527 timidi
534 464 671 540 piscibus
686 479 740 525 ora
754 462 842 541 Syri.

328 599 376 662 16.
406 599 509 658 GEN
553 596 601 661 17.
632 598 869 672 noviti-lt>

109 731 159 787 475
174 721 315 780 Proxima
330 719 382 778 lux
398 733 496 777 vacua
512 724 569 777 est
597 724 629 776 at
641 716 730 777 tertia
743 715 828 777 dicta
845 716 993 791 Quirino.

212 802 267 877 Qui
280 807 362 861 tenet
375 801 435 862 hoc
450 816 575 874 nomen,
590 800 738 861 Romulus
752 807 826 859 anm
840 800 921 863 tulta

171 886 243 946 Sive
259 885 343 959 quod
357 885 446 944 hasta
460 884 540 945 curis
556 884 666 960 priscis
682 890 731 945 est
744 882 829 945 dictu
843 882 990 960 Sabinis,

210 969 341 1029 Bellicus
357 985 376 1027 a
391 970 449 1029 telo
465 968 547 1027 venit
561 969 591 1027 in
605 974 689 1029 astra
702 967 797 1027 deus:

171 1053 243 1114 Sive
259 1068 315 1113 suo
330 1053 395 1127 regi
410 1067 520 1111 nomen
535 1066 670 1127 posuere
686 1051 835 1125 Quirites:

106 1146 158 1200 480
214 1137 276 1198 Seu
294 1136 366 1212 quia
379 1135 525 1197 Romanis
540 1134 679 1195 iunxerat
692 1134 744 1195 ille
757 1133 870 1197 Cures.

170 1221 245 1280 Nam
260 1228 347 1295 pater
361 1219 549 1294 armipotens
566 1227 731 1294 postquam
744 1232 830 1279 nova
842 1214 978 1283 mocula
990 1220 1057 1283 vidit

211 1305 368 1378 Multaque
383 1304 530 1363 Romulea
544 1302 625 1363 belin
639 1309 763 1378 peracta
777 1317 889 1379 manu,

169 1389 340 1464 ‘luppitea’
356 1388 453 1462 iuquit
466 1386 571 1447 ‘habet
584 1388 722 1447 Romana
736 1387 880 1462 potentia
901 1388 1002 1451 vireat

208 1472 372 1546 Sanguinis
387 1471 491 1532 officio
507 1486 568 1530 non
585 1479 655 1545 eget
668 1471 720 1531 illa
733 1470 803 1531 mei.

104 1568 156 1623 485
171 1556 278 1615 Redde
296 1556 374 1630 patri
388 1562 500 1616 natum
532 1555 672 1630 quamvis
690 1553 846 1616 intercidit
865 1557 958 1631 alter,

209 1638 267 1698 Pro
282 1654 318 1697 se
331 1654 451 1713 proque
465 1640 561 1699 Remo
577 1639 630 1713 qui
643 1637 717 1698 milri
729 1644 842 1710 restat,
859 1640 932 1703 erit

169 1723 277 1783 “Unus
293 1723 361 1796 erit,
378 1738 470 1796 quem
484 1729 516 1782 tu
530 1723 619 1783 tolles
634 1723 665 1782 in
676 1723 798 1783 caerula
812 1723 923 1785 eueli”

208 1807 253 1865 Tu
267 1805 339 1865 mihi
354 1804 468 1865 dixisti.
500 1806 560 1866 siut
573 1813 639 1867 rata
658 1806 740 1867 dicta
753 1804 861 1867 Iovis.’

169 1889 305 1965 luppiter
318 1897 474 1951 annuerat.
503 1897 577 1951 nutu
590 1890 784 1951 tremefactus
798 1898 938 1967 utaque

106 1981 156 2035 tto
208 1973 383 2048 Enipeios,
405 1981 435 2033 et
449 1975 524 2033 caeli
540 1975 678 2050 pondera
691 1973 787 2034 movit
799 1974 906 2035 Atlas.

168 2057 222 2116 Est
235 2057 338 2132 locus,
354 2057 469 2131 antiqui
482 2059 618 2132 Capreae
632 2057 738 2117 dixere
752 2056 920 2132 paludemr

212 2140 299 2200 Forte
312 2141 372 2200 tuis
388 2141 463 2214 illic,
479 2142 625 2214 Romule,
640 2142 707 2201 iura
721 2140 831 2201 dabas.

168 2223 222 2283 Sol
237 2224 325 2298 lugit,
347 2231 378 2284 et
391 2231 549 2285 removent
564 2223 726 2285 subeuntia
738 2223 846 2287 nubilo
860 2226 995 2301 caelum,

208 2307 246 2366 Et
260 2307 362 2382 gravis
378 2306 485 2368 effusis
501 2308 613 2368 decidit
627 2306 723 2367 imber
736 2306 838 2383 aquis.

103 2391 154 2446 495
169 2390 246 2449 liinc
262 2398 358 2463 tonat,
375 2391 445 2451 hinc
460 2391 563 2451 missis
578 2390 769 2465 abrumpitur
782 2391 912 2466 ignibus
927 2393 1030 2455 aethe

208 2474 254 2533 Fit
269 2475 351 2548 iuga.
379 2490 434 2534 rex
450 2476 556 2549 patriis
571 2482 654 2535 astra
668 2474 790 2550 petebat
804 2475 910 2551 equis.

169 2558 281 2619 Luctus
297 2565 375 2632 erat,
392 2559 553 2634 salsaeque
567 2565 670 2634 patres
685 2560 716 2620 in
733 2559 860 2619 erimine
878 2560 1006 2623 caedisz

207 2642 428 2716 Haesissetque
443 2643 551 2702 animis
567 2643 694 2704 forsitan
709 2643 760 2701 illa
774 2642 871 2705 fides:
940 2706 944 2713 ,

166 2724 229 2785 Sed
242 2725 388 2786 Proculus
403 2726 509 2800 Longa
527 2727 668 2788 veniebat
682 2726 775 2787 lulius
788 2726 880 2801 Alba,

101 2819 153 2871 500
207 2808 355 2884 Lunaque
372 2809 521 2883 lugebat,
539 2825 596 2870 nec
611 2810 688 2870 iacis
704 2825 779 2870 usus
793 2818 871 2885 erat,

167 2892 240 2953 Cum
256 2893 356 2952 subito
371 2900 456 2952 motu
471 2893 583 2968 saepes
599 2902 749 2954 tremuere
762 2894 961 2957 sinistruerm

206 2976 330 3036 Rettulit
344 2976 395 3035 ilie
409 2977 540 3050 gradun,
557 2977 801 3052 horrueruntque
816 2992 961 3041 mmae...

164 3060 292 3119 Pulcher
306 3069 336 3120 et
351 3060 485 3120 humano
501 3062 598 3122 maior
610 3061 778 3135 trabeaque
793 3060 933 3127 decorus

206 3145 352 3204 Romulus
371 3144 400 3203 in
416 3144 518 3204 media
532 3145 618 3206 visus
633 3146 746 3206 adesse
765 3144 824 3217 via,

102 3232 151 3284 505
167 3227 203 3285 lit
221 3227 338 3287 dixisse
353 3227 443 3287 simul
464 3227 606 3289 ‘Prohibe
621 3230 725 3303 lugere
741 3227 881 3304 Quirites,

203 3312 264 3369 Nec
279 3311 393 3371 violent
407 3311 539 3372 lacrimis
552 3314 676 3373 numina
690 3318 798 3374 nostra
810 3313 890 3375 suis.

163 3395 244 3453 Tura
258 3395 369 3467 lerant,
385 3395 568 3470 placentque
581 3413 696 3458 novum
711 3397 763 3471 pia
776 3396 867 3459 turba
879 3396 1046 3472 Quirinum,

207 3477 243 3535 Et
257 3476 371 3553 patrius
387 3485 468 3539 artes
483 3479 681 3556 militiamque
696 3480 818 3542 colam?
