2318 3960
97 193 157 257 168
491 189 550 252 EX
569 187 717 250 ΡΟΝΤΟ

222 344 363 404 Pondere
378 342 553 418 disparibus
569 357 631 400 non
645 347 774 416 potuere
788 342 875 405 rotis.

181 430 246 504 Quo
262 427 342 505 pede
357 442 438 486 nunc
454 430 527 499 utar,
552 425 644 485 dubia
659 432 707 485 est
721 427 871 487 sententia
885 427 993 489 nobtss

221 513 307 574 Alter
322 512 402 570 enim
417 511 457 570 de
471 516 509 584 te,
531 509 647 582 Rhene,
668 509 838 586 triumphus
854 511 953 572 adest.

180 597 272 656 Inrita
286 602 438 656 motorum
452 609 514 652 non
530 599 600 652 sunt
617 595 781 669 praesagia
793 601 911 656 vatum:

140 691 175 744 90
225 679 334 741 Danda
348 679 413 737 lovi
428 680 541 750 laurus,
566 677 638 736 dum
653 677 737 752 prior
751 679 802 739 illa
816 679 902 739 viret.

180 766 243 824 Nec
258 779 326 823 mea
340 761 436 821 verba
449 761 535 835 legis,
560 761 611 834 qui
627 778 695 820 sum
710 770 880 824 summotus
895 763 935 823 ad
949 763 1094 836 Histrum,

221 849 289 906 Non
304 846 382 905 bene
398 845 515 920 pacatis
531 842 657 904 flumina
671 853 744 920 pota
759 846 857 907 Getis=

181 933 243 992 Ista
257 930 307 989 dei
323 945 386 990 vox
399 935 455 988 est.
486 929 564 988 deus
579 929 670 988 estin
687 936 811 1005 pectore
824 936 941 993 nostro.

222 1016 305 1074 Haec
322 1013 400 1073 duce
416 1012 560 1087 praedico
576 1012 787 1089 vaticinorque
803 1015 871 1074 deo.

139 1109 172 1166 95
185 1100 263 1174 Quid
278 1113 384 1158 cessas
400 1112 521 1156 currum
534 1111 740 1173 pompamque
755 1113 864 1173 parare
877 1098 1051 1175 triumphis,

223 1183 331 1242 Livia?
350 1181 410 1242 iam
425 1180 525 1241 nullas
542 1181 615 1240 dant
628 1180 681 1240 tibi
696 1182 777 1242 bella
789 1198 904 1243 moras.

182 1268 303 1328 Perfida
318 1267 478 1337 damnatas
495 1263 655 1324 Germania
671 1265 779 1340 proicit
793 1266 910 1327 hastas.

222 1353 286 1411 lam
301 1350 424 1426 pondus
440 1348 524 1408 dices
541 1363 631 1407 omen
645 1347 759 1408 habere
773 1366 883 1411 meum.

186 1436 290 1509 Crede,
313 1434 462 1508 brevique
478 1432 557 1492 fides
572 1432 679 1492 aderit.
708 1433 873 1507 geminabit
887 1433 1039 1495 honorem

123 1533 173 1585 tuo
221 1519 325 1594 Filius,
347 1524 378 1577 et
393 1515 503 1577 iunctis
518 1522 551 1576 ut
553 1516 651 1609 prius
666 1516 720 1576 ibit
733 1518 832 1592 equis.
1033 1516 1038 1525 '

183 1605 300 1676 Prome,
323 1602 407 1676 quod
421 1600 528 1660 inicias
543 1600 678 1660 humeris
694 1601 869 1677 victoribus,
891 1609 1025 1664 ostrum=

224 1688 297 1762 Ipsa
312 1690 414 1763 potest
428 1683 548 1743 solitum
564 1699 660 1744 nosse
675 1700 791 1746 corona
806 1692 911 1762 caput=

185 1771 292 1844 Scuta,
314 1769 371 1830 sed
387 1775 417 1828 et
430 1769 537 1842 galeae
551 1769 678 1841 gemmis
694 1770 850 1830 radientur
864 1776 894 1830 et
908 1786 995 1844 auro,

225 1853 373 1928 Stentque
390 1866 485 1927 super
499 1852 597 1912 victos
614 1858 720 1912 trunca
733 1860 861 1929 tropaea
873 1853 975 1914 viros:

121 1947 171 2001 105
185 1937 306 2014 Oppida
320 1936 433 1998 turritis
449 1935 607 2010 cingantur
622 1936 756 1997 eburnea
770 1939 872 2011 muris,

224 2021 374 2098 Fictaque
388 2035 439 2080 res
453 2034 528 2079 vcro
543 2035 628 2079 more
643 2027 763 2095 putetur
777 2021 836 2096 agi.

186 2105 353 2180 Squalidus
368 2102 513 2163 inmissos
529 2104 625 2163 tracta
640 2102 696 2163 sub
711 2105 859 2166 arundine
874 2104 976 2165 crines

225 2189 351 2250 Rhenus
368 2194 398 2248 et
410 2186 538 2247 iniectas
555 2187 703 2261 sanguine
719 2192 819 2263 portet
834 2204 943 2265 aquas.

184 2273 320 2334 Barbara
331 2273 390 2332 iam
406 2271 487 2347 capti
503 2279 635 2345 poscunt
648 2271 780 2347 insignia
793 2289 894 2349 reges,

122 2369 173 2421 110
225 2358 381 2433 Textaque
396 2355 517 2416 fortuna
531 2354 672 2416 divitiora
687 2371 759 2416 sua:

184 2442 221 2502 Et
236 2455 316 2514 quae
330 2445 489 2515 praeterea
502 2438 598 2499 virtus
613 2439 726 2500 invicta
740 2448 860 2502 tuorum

229 2524 330 2599 Saepe
346 2528 452 2598 parata
466 2522 527 2596 tibi,
549 2537 644 2599 saepe
658 2525 796 2598 paranda
807 2525 887 2586 iacit.

184 2609 230 2681 Di,
255 2625 384 2684 quorum
399 2608 513 2667 monitu
528 2622 635 2667 sumus
650 2613 796 2669 eventura
809 2610 911 2680 locuti,

225 2691 337 2767 Verba,
360 2706 478 2768 precor,
501 2689 592 2751 ceteri
606 2696 712 2751 nostra
726 2691 853 2768 probate
867 2695 943 2755 fidet

506 2835 711 2846 ——-

36 2887 39 2892 ’
132 2875 172 2968 5.
227 2899 620 2972 mnxrmocorrnn.

190 2993 293 3098 Quam
307 3027 393 3101 legis,
416 3027 499 3086 unde
513 3026 566 3087 tibi
583 3029 715 3088 mittatur
729 3029 868 3105 epistola,
893 3029 1040 3106 quaensc

226 3110 313 3184 Hinc,
335 3111 386 3171 ubi
402 3111 550 3171 caeruleis
565 3112 697 3186 iungitur
710 3113 814 3173 Hister
828 3113 928 3188 aquis.

185 3195 224 3256 Ut
238 3193 322 3267 regio
339 3195 420 3255 dicta
434 3201 490 3267 est,
514 3211 692 3257 succurrere
707 3195 798 3257 debet
812 3202 843 3257 et
856 3203 972 3271 auctor,

226 3277 344 3337 Laesus
360 3278 398 3338 ab
414 3278 535 3352 ingenio
549 3279 632 3341 Naso
649 3286 741 3355 poeta
756 3297 822 3342 suo.

155 3368 172 3421 5
189 3360 244 3434 Qui
257 3357 320 3433 tibi,
344 3377 435 3435 quam
449 3362 552 3422 maliet
567 3379 716 3438 praesens
732 3363 842 3424 afferre
857 3364 995 3426 satutem.

227 3441 314 3503 Mittit
329 3442 366 3503 ab
382 3444 516 3522 hirsutis,
538 3447 670 3508 Maxime
685 3448 779 3516 cotta,
805 3449 899 3510 Getis.
