2318 3960
112 228 173 291 aab
492 223 745 286 PASTORUM

131 389 182 444 545
196 380 250 438 ille
264 378 359 454 patris
375 377 471 437 Genio
488 375 648 436 sollemnia
663 376 746 437 dona
761 373 887 435 ferebat

235 462 313 523 Hinc
326 462 434 538 populi
448 460 524 520 ritus
540 458 695 519 edidicere
710 459 790 535 pios.

193 547 235 606 At
249 545 419 620 quondam,
437 544 509 604 dum
523 543 616 617 longa
629 549 739 616 gerunt
753 540 945 617 pugnacibus
959 542 1058 606 armis

235 629 335 702 Bella,
352 627 525 704 parentales
542 626 708 686 deseruere
723 625 800 685 dies.

194 713 261 773 Non
276 712 400 787 impune
414 712 479 771 fuit
508 725 578 768 narn
593 709 705 771 dicitur
719 709 820 769 omine
838 708 876 769 ab
891 707 952 769 isto

131 817 183 870 550
237 797 336 856 Roma
350 793 534 856 suburbanis
548 793 715 854 incaluisse
728 792 822 868 rogis.

195 880 257 939 Vix
271 878 415 954 equidem
430 877 536 952 credo,
550 875 649 936 bustis
664 876 770 936 exisse
784 877 921 938 feruntur

235 962 273 1022 Et
286 963 396 1022 tacitae
411 960 512 1037 questi
527 968 665 1035 ternpore
679 959 778 1021 noctis
793 960 853 1033 avi,

195 1046 316 1121 Perque
328 1046 395 1106 rias
410 1044 494 1104 urbis
511 1043 677 1117 Latiosque
691 1045 830 1104 ululasse
844 1058 1008 1121 peragras

236 1131 398 1190 Deformes
411 1128 544 1200 animas,
559 1128 670 1201 volgus
684 1127 789 1199 inane,
805 1127 913 1188 ferant.

131 1230 182 1283 555
196 1213 321 1274 Postea
336 1212 489 1289 praeteriti
503 1211 625 1272 tumulis
640 1211 808 1271 redduntur
822 1210 968 1286 honores,

236 1296 450 1372 Prodigiisque
465 1295 549 1354 venit
563 1294 783 1369 funeribusque
797 1294 918 1355 modus.

196 1382 274 1442 Dum
287 1387 389 1440 tamen
403 1379 480 1439 haec
495 1379 585 1451 flunt,
600 1377 713 1437 viduae
727 1384 848 1438 cessate
862 1378 1001 1453 puelloes

234 1463 384 1539 Expectat
398 1478 495 1538 puros
510 1461 602 1536 pinea
615 1461 708 1522 taeda
722 1461 799 1521 dies.

195 1547 259 1606 Nec
272 1546 341 1620 tibi,
357 1561 438 1621 quae
453 1545 584 1621 cupidae
597 1552 715 1605 matura
729 1542 875 1604 videbere
888 1545 987 1618 matri,

130 1641 182 1695 560
239 1629 344 1690 comat
357 1628 510 1703 virgineas
524 1628 615 1688 hasta
624 1643 756 1688 recurva
769 1643 885 1688 comas.

197 1713 302 1775 conde
317 1719 401 1782 tuas,
416 1712 610 1790 Hymenaee,
627 1711 719 1783 focis,
736 1717 766 1771 et
780 1712 820 1771 ab
834 1710 957 1787 ignibus
967 1711 1042 1775 atris

235 1796 345 1856 Aufert
362 1793 475 1855 habent
489 1795 566 1855 alias
580 1802 697 1855 maesta
712 1794 876 1870 sepulchra
890 1795 986 1855 faces.

195 1881 232 1940 Di
248 1895 372 1954 quoque
386 1880 567 1954 templorum
581 1878 698 1939 foribus
714 1879 849 1938 celentur
862 1878 986 1954 opertis,

236 1965 317 2024 Tura
331 1970 442 2023 vacent
456 1978 542 2034 arao,
559 1968 699 2035 stentque
714 1962 781 2022 sine
795 1962 866 2036 igne
881 1962 952 2022 foci.

131 2052 182 2108 565
197 2047 283 2106 Nunc
298 2045 418 2106 animae
431 2053 539 2106 tenues
554 2051 585 2105 et
599 2060 732 2120 corpora
745 2046 849 2105 functa
863 2045 1038 2122 sepulchris

236 2129 359 2204 Errant,
375 2145 455 2190 nunc
470 2129 572 2204 posito
588 2129 724 2204 pascitur
737 2128 845 2189 umbra
859 2129 939 2190 cibo.

196 2214 259 2274 Nec
272 2220 374 2274 tamen
387 2213 465 2273 haec
478 2213 571 2284 ultra,
588 2228 680 2287 quam
694 2218 738 2272 bot
752 2213 792 2272 do
805 2227 912 2273 mense
925 2212 1084 2288 supersint

235 2296 383 2370 Luciferi,
401 2303 477 2372 quot
490 2295 604 2356 babent
618 2296 752 2356 earmina
767 2303 873 2357 nostra
886 2297 982 2356 vices.

197 2381 298 2452 lianc,
315 2379 389 2455 quia
403 2381 482 2441 iusta
502 2379 615 2452 ferunt,
632 2380 737 2439 dixere
750 2379 870 2439 Feralia
883 2380 993 2441 lucem.

133 2479 185 2535 570
240 2462 352 2526 Ultima
366 2463 526 2539 placandis
541 2462 681 2523 manibus
698 2463 748 2523 illa
764 2463 841 2523 dies.

197 2547 278 2607 Ecce
292 2564 370 2610 anus
385 2548 415 2607 in
430 2546 539 2607 mediis
553 2547 694 2606 residens
709 2561 828 2606 annosa
842 2546 953 2622 puellis

239 2629 334 2690 Sacra
353 2631 426 2691 facit
438 2630 569 2691 Tacitae.
597 2630 650 2690 vix
663 2637 764 2690 tamen
783 2630 852 2705 ipsa
866 2637 961 2691 taeet=

197 2715 234 2774 m
249 2713 350 2788 digitis
365 2716 423 2775 tria
434 2721 501 2774 tura
514 2714 611 2774 tribus
630 2715 687 2774 sub
703 2714 805 2774 limine
820 2714 914 2788 ponit,

239 2797 305 2872 Qua
320 2796 424 2857 brevis
440 2798 592 2858 occultum
604 2815 673 2858 mus
690 2797 748 2857 sibi
763 2797 835 2856 fecit
848 2798 913 2857 iter.

134 2893 185 2949 575
200 2881 284 2941 Tunc
298 2887 419 2941 cantata
433 2882 505 2955 ligat
520 2897 589 2940 oum
603 2882 691 2941 fusco
706 2881 777 2941 licia
792 2880 930 2955 rhombo,

236 2964 274 3023 Et
287 2971 406 3039 septem
421 2965 524 3039 nigras
538 2972 642 3025 versat
656 2965 686 3024 in
702 2980 755 3025 ore
769 2964 868 3024 fabas.

198 3047 349 3123 Quodque
364 3048 434 3123 pice
449 3048 625 3122 adstrinxit,
642 3048 725 3124 quod
740 3062 799 3108 acu
813 3047 932 3109 traiecit
945 3049 1032 3121 aena,

239 3130 388 3193 Obsutum
403 3147 531 3191 maenae
544 3138 639 3192 torret
652 3132 684 3191 in
698 3132 769 3205 igne
784 3137 886 3206 caput.

199 3215 277 3275 Vina
292 3232 416 3292 quoque
430 3215 564 3276 instillat.
592 3216 654 3276 vini
670 3215 887 3290 quodcumque
901 3214 1039 3276 relictum
1053 3223 1113 3287 est,

135 3304 187 3358 580
241 3298 304 3359 Aut
316 3300 402 3376 ipsa,
418 3307 470 3359 aut
484 3300 625 3372 comites,
642 3300 711 3375 plus
726 3306 826 3358 tamen
841 3297 927 3374 ipsa,
941 3297 1027 3358 bibit.

198 3380 343 3443 ‘Hostiles
357 3384 477 3459 linguas
492 3382 677 3458 inimicaque
689 3381 843 3442 vinximus
859 3383 925 3442 ora’

240 3463 319 3526 nteit
333 3467 513 3541 discedens,
528 3466 676 3540 ebriaque
690 3464 753 3525 exit
768 3481 856 3525 anus.
