2318 3960
99 178 160 245 154
490 178 550 241 EX
568 175 717 239 PONTO

223 333 388 409 Pluraque,
405 331 432 393 si
448 344 606 405 numeres,
622 329 717 390 verba
730 331 817 391 iuere
832 329 941 406 gradu.

182 416 283 492 Saepe
297 416 364 477 dies
380 431 521 477 sermone
536 415 635 475 minor
650 414 713 472 suit.
742 415 836 489 inque
851 414 1041 488 loquendum

222 502 321 560 Tarda
337 515 392 577 per
405 500 541 563 aestivos
560 497 657 559 detuit
669 497 747 559 hora
763 497 843 558 dies.

181 583 235 644 Est
250 584 384 660 utquid,
398 599 489 645 casus
506 583 618 660 pariter
632 582 772 643 timuisse
786 582 934 658 marinos,

129 683 164 738 40
220 668 388 742 Iunctaque
403 667 444 731 ad
458 681 633 743 aequoreos
648 672 724 728 vota
737 665 846 728 tuiisac
859 665 955 728 deum

180 751 218 811 Et
231 751 325 813 modo
341 766 391 813 res
407 751 510 827 egisse
525 750 630 825 simul,
646 750 739 810 modo
756 765 864 811 rursus
879 749 919 810 ab
934 749 994 811 iilis

224 834 358 909 Quorum
373 849 434 897 ncn
454 835 583 910 pudeat,
601 849 697 909 posse
711 835 827 894 reicroo
840 833 940 897 iocos.
1004 874 1009 880 -

181 919 264 979 Haec
280 917 332 979 tibi
353 935 422 983 cum
437 920 581 991 subeant,
597 918 697 981 absim
712 918 797 991 licet,
812 917 957 980 omnibus
972 920 1060 981 aunis

222 1003 303 1065 Ante
316 1008 386 1064 tuos
403 1003 525 1078 oculos,
543 1010 574 1064 ut
587 1001 680 1065 modo
697 1001 799 1073 visus,
815 1016 879 1062 ero.

130 1096 167 1151 45
182 1087 253 1162 lpse
269 1087 390 1160 quidem
408 1093 488 1149 corte
502 1103 569 1149 cum
585 1087 643 1146 sim
657 1087 715 1147 sub
731 1085 856 1146 cardina
870 1086 987 1163 mundi,

221 1169 276 1244 Qui
292 1186 415 1247 semper
428 1171 557 1246 liquidis
568 1170 657 1230 altior
670 1176 754 1231 extat
768 1169 867 1244 aquis,
961 1239 966 1243 ,

180 1255 222 1313 Te
239 1260 339 1314 tamen
355 1255 476 1318 intueor
490 1270 553 1331 quo
568 1255 635 1315 solo
651 1260 777 1329 pectore
793 1270 932 1329 possum,

219 1338 256 1398 Et
270 1346 370 1403 tecum
385 1338 488 1414 gelido
504 1354 599 1414 saepe
615 1339 675 1399 sub
689 1353 749 1399 axe
763 1338 884 1413 ioquor.

180 1422 237 1482 Hic
252 1438 302 1496 es,
320 1431 350 1485 ot
365 1421 499 1498 ignoras.
525 1429 556 1483 et
569 1422 646 1484 ades
662 1421 879 1484 celeberrimas
894 1422 1024 1491 abseusz

133 1513 168 1566 50
222 1508 318 1582 Inque
333 1507 425 1567 Getes
440 1506 542 1568 media
557 1507 661 1575 iussus
676 1505 714 1566 eb
729 1505 813 1566 Urbe
825 1506 927 1568 uenis.

180 1590 287 1650 Redde
302 1591 415 1662 vicem,
431 1597 476 1663 et,
493 1591 637 1666 quoniam
654 1590 741 1666 regio
756 1589 876 1651 felicior
887 1589 948 1652 ista
962 1599 1018 1667 est,

223 1675 293 1733 Istic
307 1690 356 1737 me
369 1675 495 1737 memori
510 1681 636 1751 pectore
650 1689 774 1750 semper
788 1673 879 1740 habe.

103 1858 167 1950 il·
224 1893 357 1955 euro.

183 1975 255 2073 Hoc
268 2011 337 2086 tibi,
352 2013 444 2086 Ruic,
460 2011 547 2072 brevi
563 2020 761 2087 properatum
776 2018 916 2088 tempore
930 2012 1017 2073 mittit

219 2096 317 2170 Naso,
336 2112 442 2172 parum
457 2096 576 2156 faustae
592 2095 734 2157 conditor
747 2095 845 2170 Artis,
864 2095 963 2172 opusc
1007 2107 1011 2113 ·

180 2180 232 2251 Ut,
250 2195 436 2255 quanrquam
450 2180 542 2254 longe
557 2185 621 2243 tcto
636 2195 743 2241 sumus
759 2179 834 2241 orbe
848 2180 967 2253 remoti,

220 2261 306 2323 Scire
322 2270 422 2323 tamen
438 2263 542 2338 possis
558 2279 616 2324 nos
632 2263 808 2324 meminisse
822 2263 876 2324 tui.

149 2354 165 2404 5
179 2346 316 2409 Nominis
331 2353 403 2410 ente
416 2347 475 2409 mei
491 2347 613 2408 venient
628 2347 742 2408 oblivia
756 2347 856 2422 uobis,

219 2429 346 2491 Pectore
361 2446 453 2508 quem
471 2430 568 2507 pictas
584 2433 625 2492 sit
638 2438 691 2493 tua
705 2432 796 2508 puisa
809 2446 890 2492 meo.

179 2513 216 2572 Et
231 2514 315 2588 prius
331 2515 410 2576 banc
424 2516 555 2576 animam
571 2531 686 2576 vacuas
701 2515 868 2579 reddemus
883 2515 915 2575 in
929 2531 1031 2590 auras,

222 2596 317 2671 Quam
331 2599 384 2660 fiat
398 2600 496 2660 meriti
510 2601 608 2675 gratia
621 2616 704 2661 vana
715 2599 768 2667 au.

181 2681 302 2743 Grande
317 2698 396 2744 voco
412 2685 553 2744 lacrimas
568 2684 721 2758 meritum,
742 2682 854 2759 quibus
869 2699 927 2746 ora
940 2681 1063 2760 rigabas

134 2780 166 2833 ιο
219 2766 293 2826 Cum
307 2783 376 2828 meo
390 2777 533 2829 concreto
550 2767 633 2828 sicca
648 2768 755 2828 dolore
770 2769 879 2828 forent.

180 2849 301 2911 Grande
317 2867 396 2912 voco
411 2851 547 2913 meritum
564 2859 700 2913 maestae
715 2851 834 2913 solacia
847 2851 967 2927 mentis,

220 2934 293 2995 Gum
309 2936 421 3010 pariter
437 2935 528 2997 nobis
544 2935 597 2997 iiia
609 2935 725 3012 tibique
739 2935 842 2996 dares.

179 3017 295 3093 Sponte
311 3020 434 3094 quidem
450 3036 506 3094 per
520 3035 618 3096 aequa
633 3035 702 3080 mea
716 3025 764 3081 est
777 3017 942 3080 laudabilis
955 3033 1054 3080 uxore

217 3103 385 3164 Admonitu
400 3104 509 3163 melior
521 3103 556 3164 tit
568 3110 669 3165 tamen
683 3103 736 3164 iiio
749 3110 813 3165 tuo.

132 3195 164 3246 15
178 3185 314 3262 Namque
331 3187 414 3262 quod
429 3187 610 3248 Hermiones
626 3187 735 3248 Gastor
744 3188 819 3261 fuit,
834 3186 950 3249 Hector
962 3185 1027 3256 Iuli,

208 3270 275 3330 Hoc
290 3286 347 3346 ego
362 3278 393 3332 te
410 3272 507 3332 laetor
521 3271 660 3347 coniugia
677 3287 749 3333 esse
762 3287 860 3332 meae.

175 3351 272 3427 Quae,
288 3370 327 3414 ne
342 3355 499 3416 dissimilis
514 3354 567 3415 tibi
583 3355 623 3416 sit
637 3355 801 3432 probitate,
817 3354 946 3429 taboret,

218 3436 321 3514 Seque
334 3438 377 3498 tui
392 3438 454 3500 vita
468 3439 627 3515 sanguinis
642 3454 715 3500 csse
730 3438 850 3517 probat.
