2318 3960
99 256 120 317 6
488 248 714 310 TRISTIUM

409 346 413 375 l

164 408 226 466 Nec
240 406 333 466 letum
346 403 448 464 timeo.
483 416 580 476 genus
596 407 643 460 ost
656 400 828 460 miserabile
843 400 904 460 leti.

205 488 323 550 Demite
337 485 542 560 naufragium,
557 499 640 544 mors
655 484 728 543 mihi
742 500 851 545 munus
866 484 931 544 erit.

164 576 219 634 Est
234 571 365 648 aliquid,
382 571 486 629 fatove
500 583 557 627 suo
572 568 694 627 ferrove
709 568 868 629 cadentem

206 658 239 715 ln
254 655 355 716 solida
369 654 503 713 moriens
517 667 634 727 ponere
650 667 763 728 corpus
778 652 881 727 humo,

115 748 149 803 55
163 741 201 800 Et
215 739 361 798 mandare
375 737 455 811 suis,
471 735 574 810 aliqua
589 743 640 795 aut
654 752 780 811 sperare
795 736 968 812 sepulchra,

204 823 242 881 Et
255 837 318 880 non
332 819 494 895 aequoreis
508 819 646 895 piscibus
662 834 733 880 esse
748 820 859 880 cibum.

164 906 281 980 Fingite
294 920 344 964 me
359 905 482 979 dignum
496 903 549 962 tali
563 917 654 976 nece,
669 919 729 962 non
745 918 803 978 ego
819 905 905 964 solus

206 990 263 1048 Hic
279 987 385 1048 vehor.
420 987 576 1046 inmeritos
592 1001 646 1046 cur
656 1002 725 1046 mea
738 1002 841 1062 poena
853 987 965 1048 trahit?

164 1074 222 1132 Pro
238 1072 341 1148 superi
356 1071 535 1145 viridesque
550 1070 618 1144 dei,
634 1069 744 1144 quibus
760 1086 895 1145 aequora
909 1087 1010 1139 curae,

116 1168 152 1221 60
207 1157 343 1231 Utraque
358 1156 417 1214 iam
434 1163 552 1214 vestras
568 1154 666 1213 sistite
680 1154 768 1214 turba
782 1155 896 1214 minas:

166 1240 323 1315 Quamque
337 1239 422 1299 dedit
436 1239 529 1298 vitam
543 1237 704 1298 mitissima
719 1238 860 1298 Caesaris
876 1239 931 1314 ira,

206 1324 292 1383 Hanc
307 1323 397 1384 sinite
411 1322 516 1383 infelix
532 1322 562 1380 in
577 1322 646 1381 loca
659 1324 745 1382 iussa
759 1323 863 1382 feram.

166 1408 213 1482 Si,
230 1424 322 1483 quam
337 1407 507 1481 conmerui,
523 1421 656 1482 poenam
671 1421 720 1465 me
734 1407 870 1481 pendere
885 1406 987 1479 vultis,

209 1491 305 1566 Culpa
320 1506 388 1550 mea
403 1498 450 1550 est
464 1491 535 1564 ipso
552 1489 654 1549 iudice
668 1496 766 1550 morte
780 1491 888 1551 minor.

115 1584 149 1638 65
164 1575 281 1635 Mittere
296 1590 344 1633 me
359 1573 483 1650 stygias
499 1572 525 1632 si
540 1573 600 1632 iam
616 1573 768 1633 voluisset
780 1574 821 1632 ad
837 1573 936 1634 undas

209 1659 337 1732 Caesar,
353 1658 383 1716 in
399 1656 458 1716 hoc
474 1665 577 1717 vestra
590 1672 651 1716 non
667 1656 803 1731 eguisset
819 1673 888 1733 ope.

162 1743 218 1802 Est
231 1742 273 1800 illi
287 1741 382 1800 nostri
397 1755 459 1800 non
474 1741 628 1800 invidiosa
642 1740 760 1808 cruoris

206 1825 310 1899 Copia.
334 1824 480 1899 quodque
494 1824 594 1899 dedit,
616 1840 686 1885 cum
699 1825 798 1897 volet,
814 1824 882 1899 ipse
897 1825 983 1885 feret.

167 1910 232 1967 Vos
246 1907 355 1981 modo,
373 1923 452 1984 quos
469 1915 551 1968 certe
565 1909 663 1984 nullo,
679 1916 769 1984 puto,
785 1908 911 1968 crimine
926 1911 1010 1983 laesi,

117 2001 151 2057 70
208 1991 345 2054 Contenti
361 1992 475 2052 nostris
490 1992 566 2067 iam,
582 2008 708 2067 precor,
724 1999 791 2054 este
804 1992 907 2052 malis!

166 2077 229 2135 Sed
243 2083 360 2150 tamen,
376 2081 408 2136 ut
423 2075 522 2135 cuncti
537 2076 684 2137 miserum
699 2091 825 2137 servare
838 2077 949 2152 velitis

208 2159 297 2232 Quod
311 2159 416 2234 periit,
432 2160 552 2219 salvum
567 2174 629 2219 non
642 2166 733 2234 caput
747 2176 818 2220 esse
833 2167 946 2236 potest.

166 2243 206 2302 Ut
220 2257 304 2303 mare
319 2242 460 2302 considat
473 2243 637 2319 ventisque
652 2242 818 2305 ferentibus
834 2251 909 2316 utar,

208 2328 248 2387 Ut
261 2326 334 2385 milri
348 2326 499 2402 parcatiS,
515 2343 587 2387 num
601 2326 701 2389 uinus
718 2328 788 2389 exul
803 2335 879 2388 ero?

119 2417 151 2473 75
167 2410 232 2470 Non
247 2425 305 2485 ego
322 2410 444 2470 divitias
459 2411 571 2471 avidus
585 2411 653 2471 sine
667 2411 728 2470 fine
742 2411 871 2487 parandi

208 2495 314 2554 Latum
329 2495 482 2554 mutandis
497 2494 651 2557 mercibus
667 2511 784 2571 aequor
798 2512 868 2556 aro:

166 2577 228 2637 Nec
241 2585 330 2654 peto,
347 2593 426 2655 quas
443 2579 598 2655 quondam
612 2579 685 2656 petii
701 2579 876 2652 studiosus,
892 2579 1039 2656 Athenas,

210 2660 331 2737 Oppida
345 2677 407 2720 non
422 2663 532 2738 Asiae,
549 2678 610 2723 non
626 2663 698 2722 mihi
712 2665 782 2723 visa
796 2664 891 2740 prius,

166 2745 233 2804 Non
245 2751 279 2806 ut
291 2746 460 2805 Alexandri
476 2748 590 2807 claram
604 2748 722 2808 delatus
738 2749 778 2807 ad
792 2748 896 2808 urbem

119 2836 153 2889 80
208 2828 340 2889 Delicias
355 2830 492 2905 videam,
507 2831 573 2891 Nile
588 2832 710 2904 iocose,
727 2838 805 2891 tuas.

166 2912 255 2984 Quod
269 2913 375 2973 faciles
391 2919 464 2989 opto
479 2923 636 2991 ventoS‚...
653 2915 722 2996 quis
738 2914 864 2975 credere
879 2916 1032 2991 possita...

210 2995 356 3056 Sarmatis
372 3006 421 3058 est
434 2999 539 3074 tellus,
556 3015 649 3076 quam
663 3014 732 3058 mea
745 2999 815 3058 vela
828 3007 945 3075 petunt.

167 3077 306 3155 Obligor,
322 3088 353 3141 ut
364 3088 487 3158 tangam
502 3083 583 3142 laevi
598 3082 664 3142 fera
677 3081 767 3143 litora
781 3082 883 3143 Ponti:

211 3163 361 3241 Quodque
375 3167 415 3226 sit
429 3183 448 3227 a
461 3167 559 3243 patria
574 3172 635 3227 tam
649 3167 722 3241 fuga
736 3166 838 3238 tarda,
856 3182 978 3242 queror.

118 3256 151 3310 55
166 3247 276 3309 Nescio
292 3266 352 3324 quo
369 3251 489 3310 videam
504 3251 624 3327 positos
639 3251 715 3311 utin
731 3251 806 3311 orbe
819 3251 965 3324 Tomitae,

207 3332 326 3398 Exilem
341 3334 420 3395 facio
436 3349 493 3410 per
506 3350 574 3394 mea
588 3341 661 3396 vota
675 3335 766 3395 viam.

167 3416 229 3476 Seu
244 3432 293 3475 me
308 3418 449 3493 diligitis,
465 3422 565 3477 tantos
581 3419 759 3494 conpescite
773 3417 894 3490 fluctus,

207 3499 367 3578 Pronaque
382 3501 443 3562 sint
455 3507 579 3562 nostrae
593 3501 716 3561 numina
729 3507 833 3562 vestro
847 3501 919 3561 rati:
