2318 3960
464 229 503 299 V,
526 224 705 289 llo-250.
1032 225 1091 289 ³01

161 379 264 458 Saepe
279 397 336 456 ego
353 380 490 454 digestos
504 380 587 441 volui
603 394 762 439 numerare
779 378 909 453 colores,

202 466 265 525 Nec
280 463 376 540 potui.
404 478 529 522 numero
546 463 637 537 copia
650 463 748 524 maior
765 470 838 526 erat.

87 556 143 613 215
156 548 293 625 Roscida
308 564 376 607 curn
390 546 519 622 primum
534 547 615 607 loliis
630 561 762 608 excussa
777 545 885 622 pruina
900 553 955 621 est

199 634 237 693 lit
251 632 354 691 variae
368 630 462 691 radiis
478 630 636 706 intepuere
651 646 766 704 comae,

161 716 352 776 Conveniunt
366 714 454 790 pictis
469 715 619 774 incinctae
633 715 772 774 vestibus
785 714 897 788 Horae,

202 802 299 876 Inque
316 801 400 859 leves
417 799 554 861 calathos
568 814 694 859 mimera
708 806 814 859 nostra
828 798 940 872 legunt.

45 916 56 937 .
160 884 300 944 Protinus
317 883 467 943 accedunt
481 882 626 955 charites,
645 889 831 958 nectuntque
846 897 988 953 coronas,

92 975 147 1028 220
205 967 353 1042 Sertaque
368 967 518 1027 caelestes
534 967 716 1042 implicitura
731 980 846 1027 comas.

160 1052 259 1111 Prima
274 1067 329 1126 per
343 1051 508 1110 immensas
524 1050 625 1125 sparsi
639 1065 723 1110 nova
737 1050 854 1110 semina
872 1056 988 1123 gentes.

200 1135 297 1196 Unius
312 1134 401 1195 tellus
417 1140 487 1193 ante
501 1135 614 1194 coloris
630 1141 703 1192 erat.

160 1219 260 1278 Prima
273 1217 472 1292 Therapnaeo
488 1218 547 1278 leci
562 1219 601 1277 de
616 1217 764 1292 sanguine
779 1216 895 1289 liorem,

203 1303 240 1362 ut
253 1308 354 1361 manet
369 1301 486 1362 infolio
503 1302 618 1376 scripta
632 1302 768 1376 querella
783 1316 851 1360 suo.

92 1394 146 1447 225
160 1388 205 1447 Tu
220 1401 344 1461 quoque
358 1401 470 1445 nomen
484 1385 580 1446 habes
597 1385 711 1458 cultos,
732 1384 889 1457 Narcisso,
905 1400 962 1459 per
976 1384 1090 1461 hortos,

204 1470 326 1543 lnielix,
350 1470 435 1544 quod
449 1486 511 1529 non
527 1471 602 1529 alter
616 1476 646 1528 et
660 1470 736 1528 alter
750 1484 828 1528 eras.

163 1554 239 1628 Quid
258 1554 393 1628 Crocon,
409 1561 460 1613 aut
475 1555 558 1613 Attin
572 1553 717 1624 referam,
732 1552 905 1629 Cinyraque
922 1559 1063 1628 creatum,

202 1639 248 1696 De
265 1652 396 1713 quorum
412 1653 467 1712 per
480 1654 529 1697 me
543 1637 670 1696 volnere
685 1636 780 1711 surgit
794 1635 915 1698 honori

161 1722 243 1782 Mars
260 1736 400 1797 quoque,
417 1722 443 1780 si
459 1721 571 1795 nescis,
594 1736 651 1795 per
664 1726 786 1781 nostras
802 1720 901 1780 editus
918 1727 1012 1779 artes:

88 1813 147 1868 230
200 1806 336 1880 Iuppiter
350 1805 409 1864 hoc
423 1812 457 1865 ut
470 1806 571 1865 adhuc
586 1803 716 1877 nesciat,
731 1820 830 1878 usqne
845 1818 965 1879 precor.

163 1889 275 1950 Sancta
288 1889 393 1950 Iovem
407 1889 482 1951 luno
497 1895 568 1947 nata
583 1888 649 1947 sine
664 1894 759 1947 matre
773 1887 910 1946 Minerva
1031 1896 1033 1899 ·

203 1973 311 2034 Officio
328 1973 423 2032 doluit
438 1988 499 2032 non
514 1972 637 2047 eguisse
651 1987 718 2030 suc.

162 2058 242 2132 ibat,
265 2065 297 2117 ut
313 2055 435 2116 Oceano
454 2062 630 2130 quereretur
644 2055 724 2114 lacta
738 2053 852 2114 mariti=

202 2141 322 2202 Restitit
336 2140 377 2199 ad
391 2147 513 2200 nostras
529 2141 613 2199 lessa
630 2138 736 2199 labore
754 2139 847 2198 iores.

94 2234 147 2289 235
163 2226 259 2300 Quam
274 2227 363 2285 simul
378 2224 497 2299 aspexi,
521 2224 624 2298 “Quid
640 2230 677 2297 te,
702 2221 868 2282 Saturnia”
886 2220 949 2280 dixi

204 2310 387 2370 “Attulit”
411 2308 552 2383 exponit,
576 2323 667 2384 quem
682 2312 774 2382 petat,
796 2305 849 2366 illa
862 2305 971 2378 locum,

162 2393 290 2453 Addidit
306 2400 336 2452 et
350 2408 485 2453 causam.
514 2391 626 2452 Verbis
646 2391 771 2451 solabar
784 2389 901 2448 amicis.

205 2477 321 2537 “Non'’
336 2476 434 2550 inquit
448 2475 576 2536 “verbis
592 2491 665 2536 cura
678 2474 809 2535 levanda
823 2489 892 2532 men
906 2482 960 2533 est.

163 2561 197 2621 Si
213 2567 299 2636 pater
313 2567 361 2620 est
374 2561 471 2621 factus
488 2560 625 2633 neglecto
641 2557 779 2632 coniugis
794 2573 854 2618 usu

94 2653 148 2706 240
202 2645 351 2720 luppiter,
373 2652 403 2703 et
418 2645 503 2704 solus
518 2657 629 2702 nomen
644 2649 803 2717 utrumque
817 2648 906 2712 tenet,

165 2730 224 2789 Cur
238 2745 295 2803 ego
312 2729 476 2803 desperem
492 2727 560 2786 fieri
576 2727 643 2786 sine
657 2725 789 2800 coniuge
803 2731 907 2792 mater,

204 2812 242 2871 Et
256 2828 363 2887 parere
380 2813 506 2884 intacto,
527 2809 693 2870 dummodo
710 2815 808 2881 casta,
826 2808 914 2866 virc‘t

166 2896 273 2957 Omnia
288 2895 441 2970 temptabo
459 2894 527 2954 latis
543 2893 743 2955 medicamina
757 2893 855 2966 terris,

199 2981 237 3039 Et
252 2981 342 3052 treta,
357 2980 519 3043 Tartareos
534 2976 747 3051 excutiamque
762 2977 885 3036 sinus.”

98 3073 149 3126 245
164 3066 235 3123 Vox
251 3063 358 3122 eratin
374 3078 475 3122 cursu.
506 3061 619 3122 voltum
635 3060 797 3120 dubitantis
813 3057 971 3119 habebam.

206 3148 341 3207 “Nescio
357 3146 446 3222 quid,
464 3144 614 3220 nymphe,
636 3158 733 3219 posse
748 3142 888 3222 videris”
904 3143 953 3202 ait.

164 3233 222 3290 Ter
237 3232 318 3292 volui
333 3231 508 3305 promittere
524 3245 630 3304 opem,
646 3234 691 3287 ter
704 3227 807 3302 lingua
819 3232 935 3286 retenta
950 3234 1011 3286 est:

207 3316 254 3373 ira
269 3315 350 3376 lovis
366 3313 467 3389 magni
482 3329 577 3375 eausa
592 3311 708 3373 timoris
723 3316 798 3370 erat

166 3399 264 3471 “lier,
281 3413 405 3474 precor,
428 3396 618 3458 auxiliumt”
642 3395 718 3457 dixit
735 3391 907 3473 “celabitur
924 3397 1053 3453 aucton’

100 3491 152 3543 250
206 3482 243 3541 Et
259 3481 385 3558 Stygiae
400 3497 510 3542 numen
527 3481 705 3543 testificatur
719 3494 827 3557 aquae.
