2318 3960
99 203 158 267 166
490 199 550 260 EX
575 197 723 260 Ponto

175 355 284 416 Tristia
298 369 354 429 per
368 367 484 412 vacuos
499 352 624 410 horrent
639 350 791 412 absinthio
806 367 949 429 campos:
983 421 986 425 ¹

216 437 471 510 conveniensque
486 451 543 496 suo
559 434 672 495 messis
687 452 792 495 amara
808 436 888 495 loro.
1044 494 1047 499 .

136 535 171 586 25
181 524 272 583 Adde
286 528 394 592 mctuS,
418 527 448 580 et
463 519 546 594 quod
561 535 666 578 murus
681 520 821 597 pulsetur
835 520 873 578 ab
889 520 988 594 noste,

216 607 384 680 Tinctaque
398 604 554 664 mortifero
568 602 637 661 tube
652 604 762 678 sagitto
775 603 886 676 madet,

178 690 265 765 Quod
283 689 390 764 procul
404 688 481 747 hoec
495 686 580 760 regio
597 694 688 747 estet
703 688 741 748 ab
755 687 838 746 omni
853 688 945 747 devia
959 704 1061 764 rursu,

216 775 278 833 Nec
295 773 375 849 pede
391 787 453 847 quo
469 770 642 847 quisquam,
658 786 715 830 nec
730 776 794 830 rute
808 777 890 831 tutus
905 778 964 832 eat.

175 859 243 919 Non
258 857 348 931 igitur
363 856 478 928 mirum,
502 855 594 914 finem
610 854 825 929 quaerentibus
841 855 949 915 borum

125 954 160 1007 :to
214 942 320 1001 Altera
334 940 361 1000 si
376 938 467 1000 nobis
482 953 582 1012 usque
596 944 720 1012 rogatur
734 938 853 999 humus.

175 1027 217 1085 Te
232 1025 328 1100 magis
344 1029 392 1083 est
405 1024 512 1083 mirum
528 1037 589 1080 non
604 1021 664 1083 hoc
679 1022 830 1099 evincere,
850 1024 994 1091 coniunx.

215 1109 311 1182 Inque
326 1108 403 1168 meis
419 1105 561 1168 lacrimas
576 1120 673 1180 posse
687 1111 792 1167 tenere
806 1106 904 1167 malis.

177 1191 255 1266 Quid
270 1192 375 1264 iacias,
400 1189 545 1266 quoeris?
568 1205 699 1264 quaeras
714 1189 773 1250 hoc
788 1190 906 1252 scincet
919 1192 1029 1266 ipsum.

217 1277 369 1347 Invenies,
391 1290 464 1334 vere
480 1274 506 1333 si
520 1272 655 1348 reperire
670 1275 767 1332 voles.

125 1365 160 1419 35
176 1360 263 1418 Veile
277 1375 384 1434 parum
401 1365 458 1418 est
491 1358 609 1434 cupias,
631 1364 663 1417 ut
677 1374 711 1416 re
728 1358 865 1432 potioris,
889 1364 1018 1432 oportet,

216 1443 253 1502 Et
268 1444 359 1502 iaciat
373 1457 500 1503 somnos
515 1441 592 1500 hoec
607 1441 661 1499 tibi
677 1456 750 1500 rura
764 1441 886 1502 breves.

175 1526 264 1585 Velle
278 1541 349 1585 reor
362 1528 484 1586 multos.
517 1524 590 1598 Quis
606 1525 687 1583 enim
702 1525 774 1584 mihi
788 1532 850 1585 torn
865 1524 905 1586 sit
918 1524 1051 1600 iniquus

223 1609 313 1684 Optet
325 1617 359 1669 ut
373 1610 496 1668 exilium
512 1623 590 1683 pace
605 1624 711 1667 carere
725 1616 847 1668 meumt

177 1693 304 1752 Pectore
318 1698 348 1751 te
362 1699 426 1753 toto
442 1691 622 1767 cunctisque
637 1692 813 1752 incumbere
828 1693 932 1752 nervis
994 1700 1002 1757 ἑ

123 1783 159 1838 4ο
215 1777 318 1836 intuiti
333 1792 391 1851 pro
407 1791 456 1835 me
470 1782 561 1835 nocte
577 1776 688 1850 dieque
704 1776 801 1835 decet.

176 1861 277 1936 thue
291 1861 396 1921 iuvent
409 1859 469 1934 olii,
489 1866 523 1919 tu
538 1858 633 1919 debes
648 1860 772 1919 vincere
786 1860 912 1934 amicos,

216 1945 311 2018 Uxor,
335 1945 419 2005 etad
434 1944 530 2020 partis
546 1943 644 2018 prima
658 1943 764 2003 venire
779 1949 858 2004 tuos.

176 2028 286 2102 Magno
300 2029 355 2088 tibi
369 2027 514 2104 imposito
527 2033 574 2086 est
589 2027 703 2087 nostris
718 2042 853 2101 persono
868 2026 993 2087 libellis=

219 2112 362 2186 Coniugis
378 2113 551 2186 exemplum
567 2111 678 2171 diceris
694 2125 766 2171 esse
779 2111 889 2172 bonae.

128 2207 161 2260 45
176 2195 316 2254 Hancne
331 2197 501 2270 degeneres
517 2201 546 2253 et
560 2194 621 2253 sint
636 2195 801 2268 praeconia
815 2200 921 2257 nostra

219 2280 310 2353 Vera,
333 2280 412 2354 uide,
435 2280 534 2338 fornae
550 2293 611 2352 quo
628 2279 740 2338 tuearis
755 2294 844 2354 opus.

175 2364 216 2423 Ut
229 2362 302 2421 nihil
317 2362 385 2436 ipse
401 2378 520 2436 querar,
543 2362 634 2421 tacito
649 2378 700 2421 me
713 2362 795 2422 ieme
809 2370 962 2439 queretur,

220 2446 303 2519 Quae
318 2445 422 2520 debet,
441 2446 531 2506 suerit
545 2446 575 2505 ni
591 2445 644 2505 tibi
659 2461 733 2506 cura
748 2447 823 2505 mei
905 2484 908 2489 -

176 2529 329 2605 Exposuit
343 2545 412 2589 meo
426 2544 474 2588 me
489 2530 605 2604 populo
622 2530 745 2591 fortune
757 2531 933 2604 videndum,

135 2621 169 2674 50
218 2613 255 2672 Et
270 2614 340 2688 plus
355 2613 487 2683 notitiae,
511 2629 603 2688 quam
618 2613 672 2673 fuit
686 2621 766 2688 onte,
788 2615 880 2674 dedit

175 2697 281 2759 Notior
296 2703 343 2757 est
358 2698 455 2758 iactus
471 2696 632 2771 Capaneus
648 2713 667 2757 a
682 2698 815 2758 fulminis
830 2699 906 2760 ictu=

216 2781 312 2841 Notus
328 2781 420 2841 humo
436 2782 547 2840 mersis
562 2780 768 2856 Amphiaraus
785 2782 883 2857 equis.
911 2830 914 2835 ⁴

177 2863 209 2924 Si
224 2865 323 2924 minus
340 2870 482 2938 errasset,
505 2872 595 2925 notus
612 2865 711 2925 minus
726 2873 811 2926 esset
824 2867 947 2928 Ulixesz

216 2948 327 3022 Magna
342 2948 526 3008 Philoctetae
542 2950 667 3008 vulnere
681 2949 763 3009 sarna
778 2966 834 3011 suo
850 2957 907 3012 est.

133 3037 168 3090 55
180 3029 213 3091 Si
228 3033 314 3093 locus
330 3038 378 3092 est
392 3032 503 3110 uliquis
518 3038 601 3092 tantu
615 3031 693 3091 inter
707 3034 831 3094 nomino
845 3033 960 3110 parvis,

216 3115 280 3176 Nos
296 3132 420 3192 quoque
436 3116 623 3190 conspicuos
639 3125 746 3178 nostra
759 3118 847 3180 ruino
863 3118 944 3179 iecit.

174 3198 237 3258 Nec
250 3206 281 3260 te
296 3201 407 3260 nesciri
424 3201 534 3276 patitur
548 3215 616 3259 mea
630 3202 751 3276 pagiua.
786 3219 847 3276 qua
862 3219 924 3264 non

215 3283 344 3344 Interius
361 3285 423 3348 coo
437 3284 549 3345 Bittide
563 3299 675 3345 nomen
689 3285 797 3345 habes.

172 3363 324 3441 Quidquid
338 3384 413 3443 ages
428 3369 526 3443 igitur,
550 3383 645 3428 scena
661 3369 840 3443 spectabere
854 3384 975 3446 magne,

132 3457 168 3511 do
219 3450 257 3510 Et
270 3449 323 3527 pia
337 3466 399 3512 non
417 3450 522 3527 porris
537 3451 667 3512 testibus
684 3468 761 3513 uxor
774 3453 848 3512 eris.
953 3502 956 3507 .
