2318 3960
512 142 739 204 TRISTIUM

246 295 309 356 Nec
324 294 427 355 leritas
442 296 553 368 animo,
577 310 656 370 quac
671 294 728 354 luit
742 299 821 367 anic,
845 298 958 352 ruanet
1091 368 1099 381 Ι

208 379 353 454 Quaeque
368 378 415 438 sui
430 380 525 439 iussis
540 379 730 454 obtemperat
744 378 821 437 inda
835 376 975 451 magistri

245 465 350 535 Belua,
373 464 529 523 servitium
544 471 682 538 tempore
697 463 778 522 victa
792 461 885 521 subit.

207 550 350 623 Tempus,
372 554 406 605 ut
420 547 552 607 extentis
567 553 688 618 tumeat,
713 546 794 619 lacit,
816 561 878 605 uva
891 546 1041 622 racemis,

164 645 199 698 lo
250 631 373 705 Vixque
387 646 504 691 merum
519 631 641 707 capiant
655 645 759 704 grana,
784 629 869 704 quod
883 629 967 689 intus
984 629 1107 692 habant

208 717 341 789 Tempus
358 721 387 773 et
400 716 432 774 in
447 729 541 775 canas
556 730 663 774 semen
678 713 821 788 producit
835 713 957 785 aristas,

247 799 285 857 Ft
300 813 338 857 ne
353 799 414 859 sint
427 799 505 859 tristi
520 814 614 875 poma
629 813 751 873 sapore,
774 798 856 857 lacit.

207 884 274 943 Hoc
288 890 392 943 tenuat
407 883 529 943 dentem
543 891 655 942 terram
670 882 814 942 findentis
830 881 931 956 aratri,

249 967 315 1025 Hoc
329 967 446 1041 rigidos
462 968 575 1039 silices,
596 967 656 1026 hoc
672 967 835 1026 adamanta
849 964 927 1025 terit.
995 1030 1001 1041 ,

165 1061 199 1114 15
211 1050 277 1109 Hoc
292 1049 382 1110 etiam
394 1067 506 1111 saevas
521 1050 667 1126 paulatim
682 1050 883 1124 mitigatum,

249 1135 315 1194 Hoc
331 1135 436 1195 minuit
450 1136 549 1195 luctus
563 1143 743 1208 maestaque
759 1133 854 1193 corda
868 1134 960 1194 levat.

211 1218 324 1277 Cuncta
338 1226 440 1293 potest
455 1220 547 1294 igitur
561 1219 652 1278 tacito
668 1218 749 1293 pede
763 1218 852 1293 lapsa
866 1224 1007 1279 vetustas

252 1301 469 1377 Praeterquam
484 1319 575 1363 curas
591 1308 748 1362 attenuare
762 1316 859 1360 meas.

209 1385 248 1444 Ut
263 1387 361 1459 patria
376 1402 476 1461 careo,
498 1387 545 1447 bis
562 1385 699 1461 frugibus
715 1400 788 1444 area
801 1385 871 1445 trita
886 1392 943 1459 est,

166 1479 201 1531 20
251 1469 390 1529 Dissiluit
402 1470 486 1530 nudo
503 1486 613 1545 pressa
627 1470 675 1528 bis
689 1485 752 1530 uva
765 1469 856 1545 peda.

209 1553 270 1613 Nec
285 1554 424 1627 quaesita
436 1562 537 1613 tamen
553 1555 652 1628 spatio
668 1553 815 1628 patientia
829 1553 921 1628 longo
938 1561 996 1629 cst,

250 1637 400 1711 Mensque
415 1638 486 1698 mali
501 1653 628 1699 sensum
644 1645 750 1698 nostra
763 1638 896 1697 recentis
912 1636 1017 1698 babet

210 1721 334 1781 Scilicet
349 1728 378 1780 ct
393 1729 515 1781 veteres
531 1722 649 1797 lugiunt
663 1721 735 1796 iuga
750 1736 846 1796 saepe
860 1721 993 1796 iuvenci,

250 1805 288 1864 Et
302 1807 435 1866 domitus
451 1807 537 1866 ircno
554 1821 650 1881 saepe
664 1811 814 1880 repugnat
829 1820 939 1880 equus.

166 1893 201 1950 aa
211 1888 336 1948 Tristior
351 1899 398 1950 est
412 1891 503 1950 etiarn
518 1905 666 1966 praesens
682 1904 828 1949 aerumna
843 1890 962 1965 priora=

249 1974 290 2032 Ut
303 1975 342 2033 sit
357 1975 437 2033 enim
453 1975 511 2034 sibi
525 1991 590 2049 par,
615 1974 710 2033 crevit
723 1980 754 2032 et
768 1979 857 2032 aucta
870 1986 959 2032 mora
972 1979 1033 2032 est.
1146 1976 1149 1987 '

208 2057 270 2115 Nec
284 2064 345 2117 tam
360 2065 433 2117 nota
446 2059 528 2131 mihi,
552 2073 644 2132 quam
659 2062 737 2130 sunt,
760 2057 840 2115 mala
854 2063 960 2116 nostra
974 2057 1103 2118 luerunt

251 2140 312 2199 Sed
328 2141 424 2215 magis
438 2141 508 2214 hoc,
532 2156 593 2216 quo
610 2149 681 2200 sunt
695 2140 871 2214 cognitiora,
894 2147 1036 2214 gravant

209 2223 263 2282 Est
278 2240 401 2298 quoque
416 2241 478 2285 non
493 2225 658 2297 minimum,
680 2224 763 2283 vires
778 2222 889 2282 afferre
902 2230 1057 2301 recentes,

166 2314 201 2367 30
250 2308 312 2366 Nec
326 2315 617 2383 praeconsumptum
632 2307 779 2382 temporis
793 2322 867 2367 esse
880 2307 980 2366 malis.

208 2390 327 2450 Fortior
341 2393 371 2450 in
387 2393 471 2452 lulva
485 2407 585 2451 novus
601 2400 649 2451 est
662 2393 793 2452 luctator
806 2407 907 2463 arena,

248 2479 345 2551 Quam
360 2476 409 2536 cui
424 2481 496 2537 sunt
509 2476 596 2535 tarda
611 2475 737 2535 brachia
751 2476 836 2534 lessa
849 2490 945 2534 mora.

208 2558 328 2632 Integer
343 2569 390 2619 est
403 2559 512 2619 melior
525 2559 628 2619 nitidis
644 2559 796 2635 gladiator
810 2560 840 2617 in
856 2559 959 2631 armis,

247 2641 341 2714 Quam
357 2644 405 2703 cui
419 2645 480 2703 tela
495 2659 553 2702 suo
570 2643 719 2719 sanguine
732 2643 826 2703 tincta
840 2642 959 2703 rubent.

165 2733 198 2786 35
209 2724 279 2784 Fert
292 2725 371 2786 bene
385 2726 571 2802 praecipites
586 2727 675 2786 navis
690 2727 784 2787 modo
800 2727 880 2786 iacta
894 2726 1066 2801 procellasr
1146 2742 1149 2825 ἰ

250 2809 420 2882 Quamlibet
435 2811 546 2885 exiguo
563 2812 692 2871 solvitur
705 2811 801 2870 imbre
817 2816 916 2870 vetus.

208 2893 270 2954 Nos
286 2909 410 2969 quoque
427 2911 506 2969 quae
520 2895 655 2967 ierimus,
675 2895 798 2955 tulimus
813 2894 979 2969 patientius
994 2901 1067 2954 ante

249 2977 344 3051 Quam
359 2979 439 3037 mala
454 2986 525 3039 sunt
538 2979 631 3053 longa
645 2979 843 3053 multiplicata
858 2978 919 3038 die.

209 3062 336 3136 Credite,
358 3062 480 3123 deficio.
510 3070 681 3137 nostroque
695 3079 714 3121 a
729 3077 860 3137 corpore
876 3068 1024 3137 quantum

161 3152 194 3204 to
239 3148 391 3221 Auguror,
414 3147 562 3208 accedent
576 3153 715 3220 tempora
728 3162 826 3221 parva
840 3145 938 3206 malis.

206 3229 279 3288 Nam
294 3246 395 3305 neque
410 3239 481 3291 sunt
495 3232 588 3307 vires,
610 3245 668 3289 neo
684 3231 736 3305 qui
755 3232 841 3290 color
855 3236 925 3290 ante
939 3228 1076 3291 solebat
1144 3208 1149 3303 Ι

244 3313 305 3371 Vix
320 3313 419 3375 habeo
435 3323 565 3386 tenuem,
590 3330 670 3391 quae
685 3320 767 3388 tegat
783 3330 865 3388 ossa,
888 3320 1000 3374 cutem.

203 3395 339 3471 Corpore
354 3397 411 3456 sed
425 3413 512 3457 mens
528 3406 575 3458 est
589 3413 681 3474 aegro
698 3398 796 3474 magis
811 3413 913 3474 aegra.
936 3396 1071 3474 malique
