2318 3960
423 233 480 308 lV,
501 233 678 298 625-693.

58 396 113 450 ooo
167 384 268 456 Ponit,
291 384 419 444 adorato
434 401 490 459 per
503 401 559 446 sua
573 384 668 446 verba
685 387 755 448 deo.

128 467 248 527 Interea
261 466 412 543 placidam
427 468 566 530 redimita
580 486 737 545 papavere
751 470 879 531 ironlem

170 550 237 610 Nox
251 549 347 622 venit,
370 557 400 610 et
414 565 518 612 secum
533 553 653 614 somnia
666 555 752 629 nigra
767 553 865 614 trahit.

128 635 252 694 Faunus
266 633 369 708 adest,
385 633 550 710 oviumque
564 651 707 712 premens
722 638 802 713 pede
816 637 931 697 vellera
944 636 1024 697 duro

169 716 272 777 Edidit
285 732 304 776 a
319 718 427 777 dextro
441 719 514 778 talia
527 719 609 780 dicta
622 725 705 782 toros

59 811 113 866 665
127 800 239 861 ‘Morte
252 799 345 860 boum
359 799 426 874 tibi,
449 817 518 876 rex,
537 803 638 864 Tellus
653 803 804 879 placanda
817 803 960 864 duatumz

168 883 227 943 Det
239 883 338 945 sacris
352 883 470 944 animas
485 901 546 946 una
559 892 667 947 necata
685 887 785 948 duas!

126 966 285 1027 Exculitur
299 973 416 1028 terrore
432 968 536 1042 quiesi
558 969 655 1028 Numa
669 968 737 1030 visa
750 970 890 1044 revolvit,

168 1050 207 1110 Et
220 1064 325 1110 secum
338 1048 484 1125 ambages
499 1067 653 1126 caecaque
668 1053 755 1113 iussa
767 1052 869 1112 reiert.

126 1133 260 1209 Expedit
277 1139 426 1193 errantem
440 1132 556 1194 nemori
571 1135 743 1209 gratissima
757 1135 892 1196 coniunx

56 1226 111 1282 oto
165 1217 203 1276 Et
217 1216 293 1277 dixit
306 1216 472 1278 ‘Gravidae
485 1216 625 1293 posceris
640 1224 710 1278 exta
725 1217 836 1279 bovis!

127 1300 206 1362 Exta
218 1299 308 1361 bovis
322 1299 470 1376 gravidae
485 1301 603 1362 dantur.
631 1300 749 1364 felicior
763 1317 861 1362 annus

167 1383 324 1458 Provenit,
347 1391 377 1444 et
394 1385 523 1445 fructum
536 1390 618 1445 terra
632 1399 790 1460 pecusque
807 1383 915 1444 ierunt.

126 1467 213 1526 Hane
229 1467 381 1542 quondam
397 1466 547 1544 Cytherea
561 1467 641 1527 diem
655 1467 869 1544 properantius
883 1466 927 1527 ire

167 1551 274 1623 lussit,
299 1558 328 1610 et
342 1551 496 1612 admissos
510 1551 723 1628 praecipitavit
735 1567 844 1627 equos,

58 1641 112 1698 6⁷5
126 1633 166 1695 Ut
180 1634 296 1695 titulum
312 1633 429 1710 imperii
444 1650 512 1694 eum
526 1635 655 1711 primum
669 1635 738 1696 luce
757 1634 896 1710 sequenti

168 1720 308 1793 Augusto
324 1717 426 1777 iuveni
441 1734 592 1794 prospera
605 1718 687 1779 bellu
700 1718 817 1779 darent.

298 1850 348 1912 16.
373 1850 533 1911 BNtvur
575 1848 625 1913 17.
648 1851 802 1911 CNtvnr

127 1966 189 2028 Sed
205 1967 263 2028 ianr
279 1966 457 2042 praeteritas
472 1974 597 2042 quartus
612 1966 665 2027 tibi
677 1967 799 2027 Lucifer
812 1967 886 2028 idus

168 2051 315 2126 Respicit.
343 2051 408 2109 Hae
422 2050 548 2126 Hyades
559 2049 675 2110 Dorida
688 2056 778 2110 noete
792 2056 904 2110 tenent

170 2181 220 2245 18.
242 2183 403 2244 DNtvnr
445 2181 493 2244 19.
515 2181 929 2242 nortmanno-racia

126 2300 225 2361 Tertia
238 2307 311 2376 post
324 2299 452 2378 Hyadas
471 2315 539 2361 cum
555 2301 607 2360 lux
622 2299 678 2360 erit
693 2307 758 2361 orta
771 2304 913 2374 remotas,

57 2391 112 2446 680
170 2382 297 2444 carcere
312 2381 440 2458 partitos
456 2381 561 2444 Circus
576 2382 699 2446 habebit
713 2397 822 2457 equos.

128 2465 188 2525 Cur
202 2466 292 2540 igitur
308 2465 422 2526 missae
437 2466 547 2527 vinclis
562 2466 700 2527 ardentia
712 2466 811 2527 taedis

168 2551 267 2624 Terga
281 2549 379 2609 ierant
393 2550 517 2625 volpes,
535 2565 629 2610 eausa
645 2550 787 2611 docenda
800 2546 872 2609 mihi
887 2557 943 2607 est.

126 2632 250 2708 Frigida
264 2631 432 2707 carseolis,
455 2646 512 2692 nee
531 2632 621 2692 olivis
636 2639 708 2708 apta
723 2630 856 2694 serendis

166 2715 273 2792 Terra,
295 2717 352 2776 sed
368 2715 409 2775 ad
423 2721 545 2790 segetes
560 2715 739 2791 ingeniosus
754 2731 837 2792 ager.

57 2808 110 2864 685
124 2800 190 2860 Hae
206 2815 264 2874 ego
278 2798 436 2874 Pelignus,
460 2799 572 2858 natalia
585 2815 670 2871 rura,
693 2798 842 2874 petebam,

169 2881 283 2959 Parva,
306 2883 364 2943 sed
378 2882 512 2942 assiduis
527 2881 620 2942 uvida
635 2897 758 2956 semper
771 2881 871 2957 aquis.

126 2965 264 3042 Hospitis
280 2965 394 3041 antiqui
410 2966 516 3026 solitas
532 2963 709 3024 intravimus
725 2963 829 3023 aedes.

166 3050 347 3124 Dempsemt
361 3048 493 3109 emeritis
508 3048 568 3109 iam
581 3047 653 3122 iuga
665 3045 807 3106 Phoebus
822 3045 919 3120 equis.

124 3133 155 3192 ls
170 3131 243 3190 mibi
257 3131 351 3192 multa
366 3131 503 3207 quidem,
527 3132 584 3192 sed
599 3129 719 3190 ethaeo
733 3143 856 3189 narrare
871 3126 998 3202 solebat,

52 3223 107 3279 690
158 3214 248 3277 Unde
261 3228 360 3275 meum
375 3228 524 3290 praesens
539 3215 736 3275 instrueretur
752 3226 846 3287 opust

126 3298 218 3360 ‘Hoc’
234 3297 275 3358 ait
289 3297 332 3356 ‘in
347 3300 502 3373 eampo’...
518 3312 720 3373 campumque
731 3293 893 3357 ostendit...
907 3291 1052 3355 ‘babebat

159 3381 224 3441 Rus
237 3379 333 3441 breve
350 3397 419 3442 cunr
432 3381 508 3442 duro
524 3396 618 3457 parea
633 3380 744 3458 colona
757 3378 834 3438 viro.

125 3465 179 3525 lile
195 3480 282 3525 suam
298 3464 464 3540 peragebat
478 3464 619 3539 humum,
641 3464 709 3524 sive
721 3478 798 3524 usus
813 3459 913 3535 aratri,
