2318 3960
498 191 723 256 TRISTIUM

224 348 368 422 Quamvis
382 348 443 409 hoc
456 348 507 408 vel
522 363 572 408 me
586 348 667 407 scire
680 352 801 407 tacente
814 353 914 422 potes.

183 433 256 493 Sum
269 433 370 492 miser.
386 433 462 492 haec
474 433 578 492 brevis
589 439 637 490 cst
645 438 817 490 nostrorum
828 446 946 491 summa
954 431 1117 494 malorume

224 516 369 590 Quisquis
384 525 415 575 et
428 515 548 576 ollenso
566 515 696 575 Caesare
711 514 802 588 vivet,
825 515 890 575 erit.

181 600 281 661 Turba
295 600 470 659 Tomitanae
485 614 565 674 quae
580 599 620 659 sit
632 598 769 672 regionis
784 604 815 657 et
828 599 906 659 inter

142 695 175 748 lo
226 685 308 757 Quos
323 683 455 742 habitem
471 698 582 755 mores,
606 683 727 742 discere
741 696 815 741 cura
828 682 882 742 tibi
899 688 966 742 estt

180 769 275 828 Mixta
290 767 330 826 sit
344 767 420 826 haec
436 767 577 840 quamvis
591 766 669 828 inter
684 765 882 841 Graecosque
896 766 1063 841 Getasque,

221 856 250 910 A
264 852 342 911 mule
357 851 476 926 pacatis
491 852 561 926 plus
577 850 667 909 trahit
682 865 737 908 ora
751 848 845 909 Getis

181 935 369 995 Sarmaticae
384 936 483 993 maior
496 934 682 1009 Geticaeque
697 933 871 1007 frequentia
884 933 984 1009 gentis

220 1019 278 1077 Per
292 1017 410 1077 medias
425 1019 454 1076 in
471 1017 561 1093 equis
576 1018 660 1093 itque
675 1017 817 1091 reditque
832 1018 910 1077 vias.
946 1057 949 1063 ·

141 1105 214 1170 151n
232 1100 344 1176 quibus
359 1109 407 1160 est
420 1117 520 1175 nemo,
544 1103 596 1176 qui
612 1118 673 1161 nou
688 1109 818 1178 coryton
834 1110 865 1160 et
878 1117 983 1161 arcum

217 1187 352 1261 Telaque
367 1185 493 1260 vipereo
508 1185 607 1245 lurida
622 1185 692 1245 telle
707 1191 802 1258 gerat.

179 1271 252 1328 Vox
266 1271 340 1340 lero,
362 1277 433 1328 uox
447 1271 558 1344 vultus,
581 1268 743 1333 verissima
756 1267 862 1331 Martis
877 1268 994 1342 imago:
1067 1323 1070 1330 .

219 1354 286 1413 Non
301 1368 398 1427 coma,
422 1369 483 1413 non
497 1353 560 1413 ulla
573 1352 669 1413 barba
682 1361 802 1411 resecta
816 1368 923 1412 manus
942 1371 945 1376 ·

179 1437 311 1497 Dextera
326 1452 388 1496 non
402 1437 507 1511 segnis
522 1437 585 1496 fixo
604 1437 679 1496 dare
693 1436 821 1497 vulnera
836 1437 941 1507 cultro,

138 1533 173 1585 20
226 1521 321 1593 Quem
335 1521 469 1581 vinctum
483 1520 569 1580 lateri
584 1518 732 1579 barbarus
748 1519 848 1583 omnis
862 1517 964 1578 lrabet.

182 1604 263 1663 Vivit
277 1603 307 1663 in
322 1603 370 1662 his
383 1603 445 1664 heu
459 1603 551 1678 Naso,
574 1619 699 1669 suorum
714 1602 826 1666 oblitus
843 1610 995 1663 amorum!

218 1688 284 1748 Hos
298 1687 390 1759 videt,
413 1688 472 1746 hos
487 1694 574 1747 vates
590 1686 683 1769 audit,
707 1687 813 1758 amice,
836 1692 923 1746 tuus!

177 1772 282 1847 Atque
295 1773 410 1830 utinam
425 1771 509 1830 vivat
523 1787 585 1833 non
600 1779 630 1830 et
644 1771 790 1833 moriatur
805 1771 835 1829 in
851 1770 920 1842 illis,

219 1854 311 1914 Absit
324 1853 363 1914 ab
378 1855 486 1915 invisis
501 1862 646 1915 ettamen
661 1854 768 1915 umbra
782 1854 873 1917 locis!

137 1947 172 1999 aa
184 1938 325 1998 Carmina
339 1941 422 2014 quod
436 1940 529 2016 pleno
545 1939 649 2001 saltari
665 1947 769 1999 nostra
784 1939 910 2010 theauo,

219 2022 370 2083 Versibus
386 2031 416 2082 et
429 2024 534 2100 plaudi
549 2022 670 2096 scribis,
687 2023 794 2094 amice,
816 2023 909 2081 meis:

177 2104 225 2164 Nil
240 2105 382 2179 equidem
397 2107 494 2166 leci...
508 2115 540 2168 tu
554 2107 618 2188 scis
632 2106 692 2166 hoc
707 2107 811 2182 ipse...
825 2105 962 2181 theatris

217 2189 307 2249 illusa
321 2205 378 2250 nec
392 2190 423 2248 iu
438 2191 567 2264 plausus
582 2188 743 2249 ambitiosa
757 2204 826 2247 mea
839 2196 896 2248 est.

176 2271 244 2333 Non
258 2281 358 2332 tamen
372 2273 522 2346 ingratum
536 2277 592 2343 est,
613 2273 829 2346 quodcumque
844 2271 957 2331 oblivia
972 2269 1068 2334 nostri

135 2365 170 2417 30
222 2356 351 2430 Impedit
365 2364 395 2415 et
407 2356 529 2431 profugi
544 2370 654 2415 nomen
670 2356 700 2414 in
716 2371 771 2415 ora
786 2355 886 2414 refert.

178 2439 321 2512 Quamvis
337 2439 498 2512 interdum,
521 2454 601 2514 quae
615 2454 664 2501 me
677 2438 808 2498 laesisse
821 2439 979 2513 recordor,

218 2523 358 2581 Carmina
371 2523 512 2582 devoveo
527 2522 727 2597 Pieridasque
741 2538 843 2583 meas·

177 2605 250 2664 Gum
266 2604 344 2664 bene
358 2605 482 2681 devovi,
504 2621 630 2680 nequeo
640 2614 741 2673 tamen
757 2622 829 2666 esse
844 2607 912 2667 sine
926 2607 995 2678 illis,

218 2687 467 2765 vulneribusque
480 2690 557 2770 meis
571 2691 633 2750 tela
647 2697 773 2750 cruente
787 2707 916 2764 sequor.-

134 2782 167 2834 35
180 2771 327 2846 Quaeque
340 2775 433 2834 modo
448 2773 594 2834 Euboicis
609 2775 742 2834 lacerata
756 2782 805 2834 est
819 2773 971 2845 fluctibus,
995 2775 1087 2837 audet

219 2857 309 2916 Graia
323 2857 511 2933 Capheream
525 2873 647 2918 currere
661 2858 775 2933 puppis
790 2875 911 2933 aquam.
968 2901 972 2908 -

175 2941 238 3000 Nec
253 2948 362 3015 tamen,
385 2949 416 3000 ut
430 2942 544 3017 lauder,
569 2942 661 3016 vigilo
678 2958 845 3016 curamque
861 2943 949 3002 loturi

216 3024 361 3099 Nominis,
383 3025 485 3086 utilius
501 3040 582 3099 quoe
600 3026 747 3099 latuisset,
770 3042 840 3101 ago.

175 3109 302 3168 Detineo
317 3109 427 3170 studiis
442 3110 575 3170 animum
590 3110 726 3186 falloque
739 3109 874 3184 dolores,

134 3199 168 3251 40
218 3191 369 3266 Experior
383 3192 465 3255 curis
480 3201 511 3252 et
524 3193 598 3255 dare
614 3192 708 3253 verba
721 3195 798 3256 meis

175 3274 253 3346 Quid
266 3277 369 3349 potius
386 3278 495 3336 luciam
510 3277 641 3337 desertis
658 3278 743 3341 solus
758 3282 789 3337 in
803 3294 876 3351 orn,
937 3331 940 3336 ,

216 3357 352 3429 Quamve
365 3361 453 3418 malis
468 3359 558 3419 aliam
573 3375 721 3434 quaerere
736 3368 959 3436 concrepent

174 3439 247 3499 Sive
260 3441 361 3502 locum
377 3449 493 3518 specto,
513 3443 602 3503 locu's
616 3452 664 3504 est
678 3445 860 3515 inamabilis,
882 3453 913 3503 et
928 3458 989 3520 quo
