2318 3960
99 181 161 247 116
499 183 558 243 EX
577 181 726 245 PONTO

223 336 261 398 st
276 336 360 412 quod
374 338 457 398 iners
471 337 563 397 hiemi
583 335 773 396 continuatur
790 335 900 399 hiems.

180 420 300 481 Hieme
318 431 505 497 pugnantem
521 437 589 481 cum
606 420 719 494 frigore
735 435 867 495 cumque
883 421 1005 498 sagittis

223 505 360 580 Cumque
375 520 444 565 meo
465 507 527 566 sato
550 511 658 580 quarta
675 503 781 578 fatigat
796 503 905 566 hiems.

38 644 40 646 ,
178 588 253 650 Fine
269 596 374 648 carent
388 589 547 663 lacrimae,
567 587 627 648 nisi
642 602 712 648 eum
727 594 836 662 stupor
850 587 969 651 obstitit
981 590 1058 653 iilis·

130 682 165 735 ao
221 672 258 732 ut
273 672 381 733 simiiis
396 673 484 733 morti
499 679 624 748 pectora
637 679 744 746 torpor
762 670 863 732 habet.
910 708 925 740 .

179 755 313 815 Felicem
326 756 459 830 Nioben,
477 756 617 832 quamvis
637 762 682 816 tot
698 755 806 816 iunera
819 756 905 826 vidit,

224 839 307 912 Quae
323 840 429 915 posuit
448 857 589 915 sensum,
605 854 701 900 saxea
715 839 809 914 iacta,
829 841 917 901 mali!

178 924 246 983 Vos
263 939 387 999 quoque
402 924 524 996 ielices,
544 940 671 998 quarum
686 923 849 984 clamantia
863 925 987 985 fratrem

223 1007 341 1068 Cortice
357 1009 471 1068 velavit
485 1009 618 1084 populus
635 1023 689 1069 ora
704 1022 796 1068 novo.

127 1099 161 1153 35
176 1091 230 1149 iiie
247 1107 305 1166 ego
326 1108 408 1166 sum,
429 1093 544 1168 lignum
560 1093 611 1167 qui
630 1106 692 1152 non
710 1090 850 1152 admittar
869 1090 899 1150 in
916 1091 1030 1153 ultuma

220 1176 275 1235 lile
291 1191 349 1250 ego
366 1192 449 1250 sum,
470 1178 582 1237 frustra
596 1176 648 1249 qui
665 1175 745 1250 lapis
761 1190 833 1234 esse
845 1175 948 1236 velim.

178 1261 252 1334 Ipsa
265 1258 396 1320 Medusa
413 1262 510 1321 oculis
532 1259 632 1319 veniat
648 1259 718 1318 licet
733 1257 826 1318 obvia
843 1258 971 1332 nostris,

221 1343 346 1403 Amittet
359 1344 442 1404 vires
459 1344 530 1419 ipsa
546 1344 675 1403 Medusa
692 1359 776 1403 suas.

179 1427 335 1501 Vivimus,
352 1435 386 1487 ut
402 1444 569 1502 numquam
584 1443 680 1487 sensu
695 1441 854 1487 careamus
867 1441 982 1502 amaro,

127 1520 161 1574 to
216 1511 253 1569 Et
268 1511 391 1584 gravior
405 1513 497 1586 longa
513 1512 547 1570 fit
565 1527 634 1570 mea
648 1526 750 1585 poena
768 1493 864 1571 moira.

179 1593 230 1654 Sic
246 1594 492 1669 inconsumptum
505 1594 585 1672 Tityi
605 1609 790 1670 semperque
808 1608 976 1654 renascens

218 1677 285 1736 Non
305 1679 398 1753 perit,
413 1686 447 1739 ut
464 1679 565 1753 possit
578 1694 673 1753 saepe
688 1677 807 1753 perire,
821 1677 916 1737 iecur.

175 1762 217 1821 At
231 1767 319 1835 puto,
336 1776 405 1822 oum
418 1763 542 1838 requies
558 1762 771 1835 medicinaque
788 1759 911 1836 publica
925 1775 1020 1823 curae

221 1844 354 1907 Somnus
369 1846 472 1920 adest,
489 1846 587 1906 solitis
607 1862 669 1905 nox
685 1845 766 1905 venit
780 1843 857 1904 orba
869 1844 969 1906 malis.

127 1937 162 1991 45
176 1929 302 1989 Somnia
317 1946 366 1990 me
381 1936 494 1991 terrent
509 1945 599 1990 veros
616 1929 762 1989 imitantia
781 1943 883 2000 casus

218 2013 256 2071 Et
269 2013 395 2087 vigilant
409 2030 520 2073 sensns
535 2014 566 2072 in
582 2028 651 2071 mea
665 2013 777 2071 damna
793 2013 862 2071 mei.

176 2096 238 2156 Aut
253 2111 311 2170 ego
328 2095 513 2157 Sarmaticas
528 2097 636 2156 videor
649 2097 746 2155 vitare
765 2096 901 2172 sagittas,

219 2183 280 2239 Aut
299 2180 373 2239 dare
388 2180 526 2254 captivas
542 2181 581 2240 ad
597 2182 663 2240 iera
677 2179 780 2239 vincla
795 2195 912 2239 manus.

176 2264 236 2320 Aut
250 2263 301 2322 ubi
318 2263 457 2338 decipior
471 2265 605 2324 melioris
621 2264 752 2338 imagine
766 2263 875 2336 somni,

127 2354 163 2406 50
218 2346 347 2420 Aspicio
363 2346 480 2420 patriae
496 2355 577 2408 tecta
590 2349 695 2407 relicta
713 2362 811 2406 meae.
1051 2415 1054 2421 ¹

175 2427 212 2486 Et
227 2429 319 2490 modo
334 2429 513 2504 vobiscum,
531 2447 609 2506 quos
629 2448 697 2491 sum
713 2436 892 2502 veneratus,
909 2430 1008 2508 amici,

216 2512 254 2570 Et
272 2515 365 2574 modo
387 2530 456 2574 oum
476 2531 548 2575 cara
566 2515 696 2590 coniuge
711 2515 805 2574 multa
818 2513 940 2587 loquor.

175 2594 227 2656 Sic
246 2595 298 2656 ubi
313 2605 459 2673 percepta
478 2607 525 2659 est
541 2598 644 2659 brevis
659 2605 689 2659 et
702 2614 764 2659 non
778 2613 853 2657 vera
868 2597 1021 2674 voluptas,

215 2677 305 2739 Peior
318 2682 357 2741 ab
372 2683 530 2743 admonitu
547 2682 582 2742 iit
597 2690 694 2742 status
710 2683 768 2748 iste
783 2681 867 2742 boni.

127 2771 160 2825 55
175 2761 249 2823 Sive
264 2765 330 2825 dies
351 2764 441 2840 igitur
455 2773 547 2840 caput
567 2771 625 2826 hoc
640 2765 814 2826 miserabile
830 2764 934 2840 cernit,

218 2846 291 2907 Sive
305 2849 444 2923 pruinosi
463 2849 567 2909 Noctis
584 2855 715 2925 aguntur
735 2849 815 2924 equi,

174 2928 224 2988 Sic
244 2947 313 2990 mea
332 2933 486 3007 perpetuis
502 2933 660 3008 liquefiunt
673 2940 796 3008 pectora
811 2933 901 3006 curis,

219 3015 344 3088 Ignibus
360 3016 492 3077 admotis
512 3023 546 3076 ut
559 3033 641 3077 nova
656 3032 726 3076 cera
745 3017 833 3076 solet.

175 3096 277 3172 Saepe
291 3115 402 3174 precor
417 3107 554 3174 mortem,
570 3108 698 3160 mortem
714 3115 839 3176 quoque
851 3098 1100 3174 deprecoridem.

122 3188 157 3242 60
214 3179 258 3239 Ne
272 3197 341 3242 mea
356 3181 557 3244 Sarmaticum
574 3191 715 3259 contegat
734 3199 808 3244 ossa
823 3184 933 3245 solum.

174 3262 248 3322 cum
262 3265 356 3339 subit,
376 3267 507 3341 Augusti
528 3284 607 3343 quae
623 3269 663 3328 sit
677 3267 850 3341 oicmentia,
867 3266 962 3329 oredo

216 3346 320 3406 Mollia
335 3350 501 3424 naufragiis
517 3351 607 3412 litora
620 3366 716 3427 posse
732 3351 807 3411 dari.

174 3429 248 3490 (ium
263 3429 371 3505 video,
389 3449 480 3506 quam
495 3435 555 3494 sint
568 3450 637 3495 mea
652 3435 714 3496 iata
728 3433 861 3509 tenacia,
877 3434 1019 3511 frangor.-
