2318 3960
417 232 469 303 lV,
491 230 668 295 stt—911.

84 435 87 439 .
123 383 183 445 (lur
197 385 288 461 igitur
299 385 432 446 Veneris
446 387 556 447 testum
570 385 693 445 Vinalia
708 387 818 460 dicant,

167 468 329 544 Quaeritis,
346 476 376 530 et
391 486 486 544 quare
500 471 540 532 sit
554 469 637 531 lovis
652 469 712 529 ista
726 470 815 531 diest

121 553 256 626 Turnus,
272 569 313 614 an
325 554 449 615 Aeneas
464 554 568 618 Latiae
583 569 680 628 gener
691 562 777 614 esset
788 556 925 629 Amatae,

55 643 111 698 eoo
165 637 284 699 Bellum
298 645 378 698 erata
403 637 549 698 Etruscas
563 637 683 697 Tomos
697 638 824 714 adoptat
838 655 928 715 opes.

123 719 229 782 Clarus
250 728 330 796 erat,
345 721 539 798 sumptisque
553 722 641 784 ierox
655 721 824 784 Mezentius
838 723 941 796 armis,

163 805 201 866 Et
214 806 264 866 vel
277 820 361 880 equo
373 822 517 881 magnus,
532 807 583 866 vel
601 805 683 882 pede
698 805 796 867 maior
809 815 883 867 erat

123 888 218 963 Quem
231 890 333 951 Rutuli
346 891 528 965 'llrmusque
541 890 607 950 suis
622 889 798 950 adsciscere
811 897 938 966 temptat

166 973 316 1034 Partibus.
344 974 422 1035 haee
436 981 542 1036 eontra
556 975 619 1034 dux
633 973 675 1032 ita
687 974 806 1035 Tuscus
822 975 877 1035 ait:

54 1060 110 1116 885
125 1058 206 1120 ‘Stat
223 1058 296 1117 milri
311 1074 373 1119 non
388 1073 484 1134 parvo
499 1059 595 1118 virtus
610 1072 688 1116 mea.
716 1057 844 1119 volnera
857 1065 962 1133 testor,

163 1144 336 1217 Armaque,
354 1158 434 1218 quae
448 1142 550 1218 sparsi
565 1141 713 1216 sanguine
729 1156 825 1218 saepe
844 1157 924 1202 meo.

123 1226 180 1303 Qui
194 1226 274 1303 petis
289 1225 449 1299 auxillum,
464 1243 526 1287 non
541 1224 670 1301 grandia
684 1224 788 1286 divide
802 1242 920 1286 mecum

162 1311 315 1383 Praemia,
331 1309 371 1370 de
386 1310 513 1371 lacubus
529 1309 671 1385 proxima
684 1316 785 1370 musta
799 1310 869 1372 tuis.

121 1395 210 1456 Nulla
237 1409 324 1454 mora
349 1399 397 1454 est
421 1409 545 1470 operae.
585 1399 720 1454 vestrum
746 1402 795 1454 est
815 1394 904 1470 dare,
929 1393 1053 1456 vincere

133 1535 136 1540 .
675 1485 822 1539 nostrum.

55 1571 112 1627 890
168 1562 263 1637 Quom
279 1561 354 1623 velit
366 1563 490 1623 Aeneas
505 1562 564 1622 ista
578 1568 689 1637 negata
703 1561 805 1622 mihit’

121 1647 301 1707 Adnuerant
313 1647 426 1708 Rutuli.
455 1645 624 1706 Mezentius
638 1645 736 1706 induit
749 1662 841 1718 arma,

164 1730 266 1791 Induit
279 1731 418 1805 Aeneas,
434 1731 671 1807 adloquiturque
685 1730 805 1791 lovem=

122 1816 261 1874 ‘Hostica
276 1815 434 1892 Tyrrheno
451 1821 524 1874 vota
538 1821 585 1874 est
598 1814 754 1873 vindemia
766 1814 846 1890 regii

164 1899 314 1975 Iuppiter,
333 1900 450 1959 eLotio
466 1899 589 1974 palmite
604 1905 705 1958 musta
718 1900 828 1958 lerest’

57 1997 110 2052 895
124 1986 208 2043 Vota
220 1983 323 2041 valent
337 1983 473 2043 meliora.
504 1982 586 2042 eadit
597 1981 767 2043 Mezentius
782 1982 900 2059 ingens,

162 2071 265 2141 Atque
280 2066 448 2142 indignanti
463 2073 588 2142 pectore
605 2065 721 2141 plangit
735 2066 868 2126 humum.

121 2155 257 2213 Venerat
269 2150 441 2212 Autumnus
456 2150 581 2210 caleatis
597 2149 743 2210 sordidus
756 2151 841 2210 uvis:

161 2234 344 2297 Redduntur
358 2235 464 2295 merito
480 2234 582 2295 debita
595 2234 667 2292 vina
679 2233 756 2294 lovi.

121 2320 210 2381 Dicta
224 2317 291 2377 dies
305 2318 376 2378 hino
391 2325 438 2378 est
453 2318 586 2378 Vinalia.
613 2317 751 2393 luppiter
765 2316 847 2378 illam

57 2413 113 2467 900
166 2401 324 2472 Vindicat,
342 2409 372 2461 et
386 2403 473 2463 lestis
488 2403 601 2478 gaudet
617 2401 721 2460 inesse
735 2401 810 2461 suis.

323 2534 374 2597 24.
395 2536 451 2596 Bc
494 2534 768 2599 25.CROB·M³

124 2653 187 2716 Sex
207 2654 274 2728 ubi,
294 2670 373 2730 quae
387 2661 517 2730 restant,
537 2656 623 2715 luees
637 2657 753 2733 Aprilis
768 2656 901 2733 habebit,

163 2739 197 2798 ln
212 2739 314 2799 medio
329 2754 421 2799 eursu
434 2745 574 2814 tempora
586 2740 669 2800 veris
684 2748 781 2816 erunt,

121 2822 160 2883 Et
174 2823 288 2885 trustra
303 2822 452 2898 pecudem
468 2838 598 2898 quaeres
613 2822 847 2885 Athamantidos
861 2825 972 2897 Helles,

168 2905 324 2982 Signaque
339 2906 412 2967 dont
426 2908 554 2982 imbres,
571 2907 768 2982 exoriturque
783 2907 884 2969 Canis.

57 3003 111 3057 90⁶
126 2991 191 3050 llae
206 2990 279 3050 milri
292 2991 441 3051 Nomento
456 2992 585 3052 Romam
600 3006 670 3050 eum
684 2990 753 3053 tuoe
767 2992 907 3066 redirem,

165 3072 286 3134 Obstitit
300 3074 330 3134 iu
345 3074 447 3134 media
461 3074 593 3134 eandida
605 3073 693 3136 turbo
707 3075 767 3133 via.

123 3158 247 3218 Flamen
263 3158 293 3217 in
307 3158 451 3232 antiquae
468 3159 568 3219 lucum
583 3156 744 3233 Robiginis
759 3156 830 3229 ibat,

161 3241 241 3302 Exta
255 3241 340 3302 canis
356 3241 502 3317 llammis,
517 3249 588 3302 exta
603 3242 729 3302 daturus
746 3240 824 3301 ovis.
838 3240 842 3247 '

125 3326 267 3386 Protinus
282 3325 417 3400 accessi,
432 3325 506 3386 ritus
522 3341 561 3385 ne
575 3327 700 3386 nescius
716 3340 827 3385 essem.

56 3419 112 3472 910
163 3407 268 3470 Edidit
280 3409 357 3469 haee
370 3409 494 3470 Flamen
510 3410 620 3483 verba,
639 3408 776 3484 Quirine,
791 3413 875 3468 tuus:

126 3494 261 3570 ‘Aspera
275 3493 412 3568 Robigo,
429 3508 539 3570 parcas
555 3493 723 3554 Cerialibus
738 3490 852 3562 herbis,
