2318 3960
496 215 721 280 rulsnlunl

223 374 285 433 Nec
301 373 463 450 quisquam
479 371 577 446 patria
591 370 712 444 longius
729 370 799 429 exul
813 369 911 430 altest.

182 457 272 519 Solus
289 458 327 517 ad
342 470 486 532 egressus
501 454 615 514 missus
632 451 840 528 septemplicis
856 452 949 514 lirsrr.

124 549 175 604 190
226 541 406 600 Parrhasiae
421 538 522 612 gelido
539 536 664 612 virginis
680 551 738 596 axe
753 552 885 612 premor.

131 626 314 703 -Iazyges
330 629 360 683 et
375 622 478 683 Colchi
493 621 688 695 Metereaque
703 620 791 681 turba
807 621 962 694 Getaeque

131 741 173 752 ·—
227 707 357 768 Danubii
373 705 481 766 mediis
497 705 549 764 vix
565 704 763 780 prohibentur
777 704 875 778 aquis.

185 792 320 866 Cumque
336 789 386 850 alii
402 804 497 850 causa
511 788 564 848 tibi
579 788 640 849 sint
654 788 796 862 graviore
812 788 914 863 iugali,

208 867 210 871 ’
224 874 356 934 Ulterior
369 873 451 946 nulli,
476 889 566 948 quarn
581 872 662 945 milri,
682 878 761 932 terra
776 872 848 932 dala
863 875 918 931 esi.

122 965 170 1020 195
180 959 315 1032 Longius
330 958 389 1017 hae
404 957 477 1017 nihil
492 963 548 1031 est,
572 956 630 1016 nisi
645 962 761 1016 tantum
776 956 871 1031 frigus
887 962 917 1015 et
930 951 1040 1026 hostis,

222 1041 260 1100 Et
274 1041 366 1101 maris
382 1040 506 1101 astricto
523 1055 602 1114 quae
617 1040 678 1100 coit
691 1040 775 1100 unda
789 1040 869 1114 gelu.

183 1125 337 1185 Hactenus
353 1123 464 1185 Euxini
480 1139 554 1198 pars
570 1130 617 1184 est
630 1124 768 1184 Romana
783 1122 907 1183 sinistri.

218 1209 360 1269 Proxima
373 1209 541 1268 Basternae
557 1206 818 1282 Sauromataeque
833 1211 943 1267 tenent.

181 1293 263 1352 Haec
279 1299 326 1353 est
339 1292 479 1353 Ausonio
495 1291 552 1352 sub
567 1291 632 1352 iure
647 1292 823 1365 novissima,
840 1291 953 1364 vixque

119 1383 172 1437 200
224 1376 337 1436 Haeret
351 1376 380 1434 in
397 1376 516 1450 imperii
531 1375 666 1450 margine
680 1381 760 1435 terra
774 1375 826 1434 tui.

182 1460 270 1519 Unde
286 1475 396 1535 precor
411 1460 553 1534 supplex,
575 1465 608 1518 ut
622 1475 679 1518 nos
694 1459 725 1517 in
740 1464 804 1519 luta
818 1459 946 1533 releges,

217 1543 261 1602 Ne
276 1544 316 1602 sit
330 1558 398 1602 cum
413 1542 511 1617 patria
526 1557 587 1617 pax
604 1557 728 1615 quoque
743 1542 885 1616 adempta
898 1539 980 1611 mihi,

182 1626 226 1684 Nc
240 1626 362 1685 timeam
376 1631 492 1700 gentes,
516 1640 593 1700 quas
610 1640 671 1684 non
686 1623 765 1685 bene
780 1631 951 1686 summovet
965 1621 1076 1697 Hister,

220 1709 303 1768 Neve
320 1715 387 1768 tuus
403 1708 521 1784 possim
537 1708 612 1768 civis
629 1709 667 1768 ab
682 1707 772 1768 hoste
788 1710 866 1784 capi.

118 1799 169 1853 205
180 1792 239 1852 Fas
256 1791 397 1867 prohibet
410 1792 496 1852 Latio
514 1808 697 1867 quemquam
712 1793 751 1853 de
767 1792 915 1866 sanguine
929 1798 1034 1854 natum

224 1874 406 1937 Caesaribus
422 1876 517 1936 salvis
531 1876 663 1936 barbara
677 1877 778 1937 vincla
793 1877 864 1952 pati.

179 1959 369 2019 Perdiderint
383 1976 452 2020 cum
467 1976 515 2020 me
531 1961 592 2021 duo
608 1959 742 2031 crimina,
766 1975 887 2019 carmen
903 1965 1041 2036 eleum,

219 2041 352 2103 Alterius
368 2043 437 2103 lac
417 2050 439 2103 ι
455 2044 546 2119 culpa
560 2044 679 2104 silenda
693 2043 781 2102 mihi:

179 2124 254 2186 Nam
269 2143 330 2186 non
346 2143 413 2186 sum
427 2127 509 2202 tanti,
531 2142 677 2187 renovem
691 2133 724 2186 ut
737 2133 789 2186 lua
803 2127 938 2202 vulnera,
963 2127 1083 2205 Cacsar,

117 2216 170 2268 nlo
222 2209 316 2282 Quem
332 2209 423 2269 nimio
440 2210 510 2284 plus
529 2217 576 2270 est
565 2208 761 2270 tindoluisse
776 2211 882 2271 semel.

181 2291 286 2352 Altera
300 2308 373 2367 pars
389 2299 539 2368 superest,
564 2310 625 2368 qua
640 2293 719 2369 turpi
735 2295 869 2355 carmine
884 2296 984 2356 lactus

221 2376 344 2451 Arguor
359 2377 486 2436 obsceni
502 2376 610 2438 doctor
625 2378 773 2438 adulterii.

179 2457 237 2518 Fas
254 2473 326 2533 ergo
343 2465 390 2519 est
403 2459 507 2535 aliqua
522 2461 664 2521 caelestia
680 2469 806 2537 pectora
821 2463 893 2521 lolli.

220 2541 257 2601 Et
272 2548 344 2603 sunt
358 2543 463 2603 notitia
476 2546 570 2604 multa
584 2545 701 2605 minora
715 2552 788 2606 tuat

117 2632 168 2684 215
180 2623 280 2699 thue
296 2626 372 2686 deos
389 2628 568 2702 caelumque
583 2629 673 2689 simul
688 2628 818 2689 sublime
833 2629 926 2689 tuenti

216 2708 282 2768 Non
297 2716 387 2769 vacat
401 2710 519 2786 exiguis
535 2711 628 2773 rebus
644 2713 756 2774 adesse
771 2713 845 2787 lovi,

179 2791 225 2851 Ex
240 2798 269 2852 te
284 2794 468 2868 pendentem
483 2796 528 2854 sic
544 2796 615 2855 dum
631 2796 840 2872 circumspicis
857 2795 971 2872 orbem,

219 2874 375 2951 Effugiant
389 2893 478 2939 curas
493 2878 637 2941 inferiora
652 2889 741 2942 tuasl

180 2956 302 3019 Scilicet
316 2960 434 3036 imperii
449 2963 594 3040 princeps
609 2965 740 3026 statione
755 2964 860 3024 relicta

118 3047 170 3101 auo
224 3042 392 3117 imparibus
408 3048 526 3121 legeres
543 3049 678 3108 carmina
693 3050 772 3108 lacta
786 3048 908 3109 modist

181 3123 248 3184 Non
263 3140 301 3185 ea
316 3134 345 3186 te
359 3131 456 3190 moles
470 3131 600 3192 Romani
616 3132 747 3193 nominis
762 3138 879 3207 urguet,

219 3207 316 3282 Inque
331 3212 391 3273 tuis
406 3213 540 3275 humeris
556 3222 617 3276 tam
633 3218 701 3276 leve
717 3217 811 3276 lertnr
825 3231 914 3290 onus,

176 3291 308 3352 Lusibus
324 3301 356 3355 ut
370 3297 475 3371 possis
491 3297 652 3360 advertere
666 3315 777 3359 numen
792 3297 913 3374 ineptis,

219 3374 425 3454 Excutiasque
441 3380 539 3440 oculls
555 3380 616 3444 otia
630 3389 735 3443 nostra
749 3382 818 3442 tuis.

116 3465 167 3522 iic
180 3456 264 3518 Nunc
279 3459 331 3520 tibi
345 3460 500 3522 Pannonia
515 3471 571 3538 est,
595 3479 675 3526 nunc
690 3464 789 3542 Illyris
805 3480 860 3525 ora
875 3464 1039 3541 donmndc,
