2318 3960
438 183 497 258 lv,
518 182 553 258 6,
574 182 673 258 6-8,
694 183 725 246 3.

200 333 234 394 ln
249 333 474 410 circumspectu
489 341 549 396 stat
564 337 631 396 sine
646 336 707 396 tine
721 335 778 395 sui.

107 416 245 479 ttiirbis
260 416 348 477 abest
363 417 472 492 iacies,
489 418 615 494 absunt,
631 435 699 480 mea
714 433 801 492 cura,
817 417 951 495 sodates,

198 500 250 572 Et,
274 516 335 574 qua
349 502 431 560 nulla
445 501 517 562 mihi
532 502 647 576 carior,
663 517 742 562 uxor
756 501 853 561 abest.

155 584 275 658 Vutgns
290 583 380 644 adest
394 582 572 662 Scythicum
586 585 791 660 braccataque
809 585 898 644 turba
912 584 1064 645 Getarum.

199 666 250 726 Sic
264 666 344 726 mate
359 683 439 744 quae
453 667 546 730 video
563 685 625 729 non
638 668 807 744 videoque,
823 675 944 728 nocent

155 751 224 811 Una
238 754 340 810 tamen
355 766 429 826 spes
445 759 507 824 est,
526 769 607 830 quae
620 769 669 814 me
684 752 799 813 soletur
813 752 846 814 in
860 751 936 828 istis,

103 844 139 893 so
194 833 278 892 ilaec
293 833 359 895 iore
373 841 469 895 morte
483 852 552 898 mea
565 853 628 897 non
642 836 783 898 diuturna
796 837 885 899 mala.

93 971 134 1065 7.
156 969 217 1066 Bis
232 1023 281 1066 me
295 1007 343 1067 sol
358 1007 434 1068 adiit
446 1006 567 1083 gelidae
584 1014 657 1083 post
671 1009 784 1084 frigora
797 1007 932 1083 brumae,

194 1090 310 1165 Bisque
324 1107 413 1151 suum
428 1098 508 1152 tacto
523 1090 612 1151 Pisce
626 1092 744 1167 peregit
758 1092 822 1152 iter.

155 1175 306 1249 Tempore
320 1180 381 1235 tam
395 1174 488 1250 longo
504 1191 558 1235 cur
571 1191 633 1236 non
650 1183 702 1235 tua
716 1176 843 1237 dextera
857 1191 965 1235 versus

198 1256 372 1330 Quamlibet
384 1257 416 1319 in
431 1274 549 1334 paucos
564 1259 706 1320 officiosa
722 1259 796 1320 tuito

122 1353 138 1403 5
155 1341 213 1399 Cur
226 1348 278 1400 tua
293 1342 429 1402 cessavit
442 1342 556 1418 pietas,
569 1341 773 1405 scribentibus
788 1343 856 1415 iliis,

192 1424 330 1499 Exiguus
344 1425 435 1486 nobis
450 1442 520 1486 cum
536 1425 646 1500 quibus
662 1442 737 1487 usus
753 1432 837 1487 eratt

155 1508 214 1567 Cur
227 1508 339 1568 totiens
354 1509 444 1571 alicui
460 1510 583 1571 chartae
598 1525 655 1571 sua
667 1509 788 1572 vincula
803 1508 931 1586 dempsi,

193 1591 279 1652 iiiam
294 1594 419 1667 speravi
434 1608 546 1653 nomen
559 1592 673 1654 habere
687 1600 792 1653 tuum't

153 1674 189 1734 Di
206 1675 331 1749 iaciant,
346 1682 380 1735 ut
394 1691 490 1752 saepe
503 1683 555 1737 tua
569 1677 609 1736 sit
623 1676 754 1751 epistola
768 1677 876 1736 dextra

106 1768 138 1818 ιο
194 1756 327 1834 Scripta,
343 1757 401 1821 sed
415 1775 433 1819 e
447 1759 549 1821 multis
563 1760 684 1820 reddita
698 1760 781 1820 nulla
795 1761 881 1819 mihi!

154 1840 243 1914 Quod
257 1857 383 1918 precor,
399 1858 471 1903 esse
485 1842 589 1919 liquet.
623 1844 751 1904 credam
766 1843 850 1917 prius
867 1859 921 1904 ora
934 1841 1081 1903 Medusae

195 1925 348 2000 Gorgonis
366 1926 526 2002 anguineis
542 1927 641 1987 cincta
656 1927 753 1986 fuisse
768 1929 874 2001 comis,

152 2007 231 2069 Esse
246 2024 339 2070 canes
355 2016 441 2073 utero
456 2008 513 2071 sub
529 2010 671 2085 virginis,
694 2025 765 2070 esse
781 2010 977 2085 Chimaeram,

194 2094 224 2153 A
236 2098 321 2154 truce
337 2107 417 2168 quae
431 2089 563 2154 flammis
578 2100 701 2168 separet
715 2109 814 2167 angue
828 2093 917 2165 leam,

103 2183 136 2235 15
152 2175 437 2251 Quadrupedesque
450 2177 583 2238 hominis
599 2193 667 2238 cum
681 2184 806 2252 pectore
818 2182 943 2252 pectora
953 2175 1081 2252 iunctos,

193 2259 468 2335 Tergeminumque
480 2260 579 2322 virum
593 2259 854 2335 tergeminumque
869 2274 985 2334 canem,

153 2343 354 2419 Sphingaque
370 2351 400 2403 et
413 2343 567 2422 Harpyias
582 2343 877 2420 serpentipedesque
894 2343 1048 2418 Gigantas,

195 2427 467 2502 Centimanumque
484 2429 572 2504 Gyen
586 2427 837 2503 semibovemque
851 2426 959 2487 virum.

151 2512 236 2571 Haeo
251 2527 309 2587 ego
330 2516 440 2572 cuncta
455 2512 555 2586 prius,
573 2528 665 2588 quam
678 2518 724 2586 te,
740 2511 912 2585 carissime,
931 2509 1053 2570 credam

101 2611 138 2662 uo
193 2595 340 2657 Mutatum
356 2610 460 2656 curam
477 2595 663 2671 deposuisse
678 2595 747 2654 mei.

152 2679 305 2738 innumeri
320 2687 441 2740 montes
456 2679 596 2739 interme
612 2687 717 2754 teque,
732 2677 864 2752 viaeque

193 2762 392 2839 Fluminaque
407 2770 438 2823 et
452 2764 568 2840 campi,
583 2778 640 2822 nec
656 2763 732 2821 treta
746 2776 848 2836 pauca
862 2760 969 2820 iacent.

151 2846 232 2905 Mille
247 2853 351 2921 potest
364 2846 482 2923 causis,
500 2863 518 2906 a
532 2854 562 2908 te
578 2862 658 2923 quae
672 2845 771 2905 littera
785 2859 881 2918 saepe

192 2929 289 2992 Missa
302 2931 360 3005 sit,
375 2931 406 2991 in
421 2937 544 2992 nostras
559 2947 630 2992 rara
642 2931 749 2990 venire
764 2943 882 2988 manus.

99 3022 134 3073 25
148 3013 231 3073 Mille
246 3021 347 3075 tamen
363 3031 474 3076 causas
490 3014 656 3076 scribendo
671 3013 761 3072 vince
777 3012 961 3085 frequenter,

189 3097 341 3158 Excusem
357 3115 395 3158 ne
410 3106 440 3159 te
455 3112 594 3176 semper,
610 3097 723 3170 amice,
741 3095 829 3153 mihi!

88 3230 132 3328 8·
157 3231 221 3328 lam
237 3287 306 3331 mea
320 3287 454 3350 cycneas
470 3271 623 3331 imitantur
636 3276 776 3344 tempora
791 3271 923 3344 plumas,

188 3354 286 3414 lnfieit
301 3362 330 3414 et
344 3356 446 3430 nigras
462 3355 532 3416 alba
546 3361 671 3416 senecta
687 3368 803 3415 comas.

147 3437 209 3496 iam
226 3437 358 3499 subeunt
375 3439 445 3498 anni
462 3438 587 3515 fragiles
601 3445 633 3500 et
646 3439 771 3500 inertior
785 3441 880 3509 aetas,
