2318 3960
99 231 161 298 256
476 230 729 294 FASTORUM

185 383 324 445 Caesaris
339 383 514 459 Innumeris,
531 402 592 460 quo
607 385 713 444 maluit
726 382 777 443 ille
791 381 911 459 mereri,

18 530 19 534 ,
117 479 169 532 400
224 468 367 528 Accessit
379 467 472 528 titulis
488 468 671 543 pontificalis
687 468 795 528 honor.

182 551 305 626 Ignibus
319 551 452 612 aeternis
468 555 583 613 aeterni
598 553 723 612 numina
739 555 890 626 praesunt

222 635 373 695 Caesaris.
402 637 520 710 imperii
535 636 665 712 pignora
679 636 780 696 iuncta
793 632 893 693 vides.

181 719 218 777 Di
233 720 345 778 veteris
359 719 482 792 troiae,
505 720 687 794 dignissima
700 719 816 795 praeda
831 716 950 790 ferenti,

13 863 17 870 ,
225 802 289 876 Qua
304 804 407 877 gravis
429 805 553 864 Aeneas
568 811 649 865 tutus
665 803 703 864 ab
718 803 808 863 hoste
823 800 894 862 luit!

115 891 166 944 tta
183 885 274 946 Ortus
288 885 326 945 ab
341 888 449 949 Aenea
462 887 558 962 tangit
572 896 702 963 cognata
717 886 866 946 sacerdos

220 969 358 1030 Numina.
389 979 566 1046 cognatum,
580 975 693 1044 Vesta,
709 977 794 1031 tuere
809 975 912 1043 caput.

183 1052 265 1126 Quos
281 1060 389 1114 sancta
408 1055 492 1115 iovet
505 1055 556 1115 ille
570 1072 676 1130 manu,
689 1054 769 1114 bene
782 1053 886 1114 vivitis
905 1053 1004 1126 ignes.

221 1137 322 1197 Vivite
337 1137 508 1212 inextincti,
529 1139 714 1216 flammaque
729 1139 872 1213 duxque,
895 1150 1015 1212 precor.

488 1271 517 1334 7.
539 1273 723 1334 BNON·F

181 1389 248 1449 Una
263 1397 336 1451 nota
349 1399 396 1451 est
410 1391 499 1451 Marti
512 1392 618 1473 Nonis.
648 1399 769 1452 saerata
785 1390 870 1466 quod
885 1390 946 1450 illis

114 1479 166 1532 400
220 1475 346 1549 Templa
360 1481 467 1550 putant
480 1476 568 1536 lucos
582 1476 735 1535 Vediovis
750 1482 820 1535 ante
836 1474 927 1535 duos.

179 1558 327 1618 Romulus
342 1565 375 1618 ut
390 1575 466 1619 saxo
482 1559 583 1618 lucum
598 1558 799 1618 circumdedit
812 1559 883 1631 alto,

219 1640 362 1714 ‘Quilibet
379 1641 451 1701 lruc’
466 1643 566 1717 inquit
579 1643 732 1716 ‘coniuge
755 1649 837 1702 tutus
853 1642 938 1702 eris!

181 1722 204 1783 O
221 1740 311 1799 quam
328 1725 366 1784 de
380 1727 463 1785 tenui
478 1728 635 1785 Romanus
651 1726 767 1800 origine
787 1726 898 1786 orevit=

219 1807 319 1867 Turba
333 1816 421 1868 vetus
437 1825 528 1884 quam
543 1825 604 1869 non
620 1809 774 1869 invidiosa
789 1809 859 1869 luit!

113 1900 164 1954 435
178 1889 222 1951 Ne
236 1897 336 1951 tamen
352 1892 457 1966 ignaro
473 1894 594 1952 novitas
609 1893 662 1952 tibi
677 1892 808 1951 nominis
824 1892 935 1966 obstet,

219 1977 324 2046 Disce,
341 1976 409 2050 quis
424 1977 482 2035 iste
497 1977 588 2051 deus,
604 1992 698 2036 curve
712 1981 839 2036 vocetur
853 1975 904 2035 ita.

177 2059 312 2134 luppiter
326 2066 373 2118 est
388 2059 517 2120 iuvenis.
547 2059 697 2120 iuvenalis
719 2059 825 2135 aspice
840 2061 959 2120 voltus:

218 2143 333 2217 Aspice
348 2143 475 2218 deinde,
491 2160 583 2204 manu
598 2143 723 2204 lulmina
737 2144 820 2203 nulla
836 2149 928 2203 tenet.

176 2223 314 2286 Fulmina
328 2234 401 2302 post
415 2242 509 2286 ausos
526 2228 643 2286 caelum
658 2227 812 2287 adfectare
827 2227 967 2302 gigantas

112 2316 162 2368 440
217 2309 345 2383 Sumpta
358 2309 433 2369 lovi.
463 2310 560 2385 primo
576 2318 713 2386 tempore
730 2311 855 2370 inermis
871 2317 945 2371 erat.

177 2393 300 2467 ignibus
316 2391 396 2452 Ossa
409 2394 499 2453 novis
515 2400 544 2453 et
558 2393 662 2453 Pelion
681 2394 770 2455 altius
787 2394 867 2455 Ossa

216 2476 301 2536 Arsit
315 2482 345 2535 et
358 2476 388 2535 in
404 2476 503 2537 solida
517 2477 598 2538 fixus
614 2476 763 2553 Olympus
780 2478 883 2538 humo.

176 2559 241 2620 Stat
257 2576 381 2634 quoque
396 2577 490 2636 capra
506 2561 604 2621 simul.
634 2562 790 2639 nymphae
804 2562 931 2636 pavisse
946 2563 1077 2624 teruntur

217 2644 363 2705 Cretides.
392 2644 498 2705 intanti
513 2648 560 2704 lae
575 2646 659 2705 dedit
672 2645 723 2704 illa
737 2646 812 2706 lovi.

113 2734 162 2788 445
176 2727 263 2788 llune
278 2743 374 2789 vocor
389 2729 429 2788 ad
445 2744 565 2789 nomen.
594 2730 769 2803 vegrandia
784 2730 866 2789 sarra
880 2730 1009 2790 colonae

218 2812 302 2886 Quae
316 2812 395 2871 male
411 2820 586 2888 creverunt,
609 2828 765 2886 vescaque
781 2829 876 2888 parva
889 2820 1012 2873 vocant.

175 2896 232 2955 Vis
249 2912 286 2955 ea
301 2897 327 2955 si
341 2896 426 2955 verbi
441 2903 502 2970 est,
518 2912 572 2955 cur
586 2912 646 2955 non
662 2913 720 2971 ego
733 2897 884 2958 Vediovis
899 2897 1009 2957 aedcm

213 2980 333 3039 Aedem
347 2995 408 3039 non
422 2980 524 3054 magni
539 2981 679 3055 suspicer
694 2997 765 3041 esse
778 2981 884 3043 lovist

175 3063 314 3136 lamque,
329 3064 382 3124 ubi
396 3065 568 3123 caeruleum
582 3064 741 3124 variabunt
755 3063 859 3125 sidera
874 3064 1001 3139 caelum,

114 3152 163 3206 tto
218 3146 363 3221 Suspice:
388 3148 541 3221 Gorgonei
556 3149 636 3207 colla
647 3148 767 3209 videbis
783 3149 865 3225 equi.

175 3228 313 3289 Creditur
328 3231 377 3290 hic
392 3247 503 3291 caesae
519 3232 646 3306 gravida
661 3233 781 3293 cervice
794 3232 945 3294 Medusae

215 3312 370 3388 Sanguine
385 3317 537 3389 respersis
553 3316 736 3390 prosiluisse
750 3317 840 3378 iubis.

173 3395 249 3454 Huic
264 3413 358 3472 supra
371 3400 469 3459 nubes
485 3406 514 3459 et
528 3399 633 3460 subter
647 3401 750 3460 sidera
763 3401 852 3477 lapso

215 3477 337 3540 Caelum
354 3498 410 3556 pro
426 3490 515 3558 terra,
537 3500 592 3558 pro
610 3483 689 3560 pede
703 3483 797 3560 pinna
811 3484 854 3546 lui
