2318 3960
89 217 151 288 110
522 217 668 282 IBIDIS

173 371 219 434 Sit
233 373 287 433 tibi
303 371 437 449 coniugii
451 386 515 430 nox
529 370 628 446 prima
641 369 811 431 novissima
824 370 923 432 vitaee
1008 439 1012 446 ¹

213 457 342 533 Eupolis
357 455 417 517 hoc
432 454 522 531 periit
536 461 565 513 et
579 469 662 513 nova
676 459 772 529 nupta
784 454 889 516 modo.

172 538 272 616 thue
286 540 497 602 cothurnatum
512 537 663 597 cecidisse
675 537 882 615 Lycophrona
894 545 1029 617 namant,
1151 545 1153 549 ’

107 631 161 687 550
215 623 347 684 Haereat
360 624 391 683 in
406 621 492 682 fibris
506 621 570 680 fixa
583 620 694 696 sagitta
707 621 778 682 tuis.

171 708 235 767 Aut
248 708 332 768 lacer
345 707 375 766 in
387 704 474 767 silvis
489 703 629 764 manibus
644 719 792 780 spargare
806 711 936 782 tuorum,

217 789 352 865 Sparsus
367 797 400 849 ut
414 794 462 849 est
474 787 586 847 Thebis
601 803 702 862 angue
716 795 836 850 creatus
851 804 922 849 avo.

173 872 292 948 Perque
308 875 391 934 feros
406 877 526 934 montes
541 876 629 932 tauro
645 871 782 946 rapiente
795 871 936 949 traharis,

214 957 254 1017 Ut
265 962 367 1017 tracta.
376 962 425 1018 est
438 955 573 1016 coniunx
586 954 754 1030 imperiosa
766 955 853 1034 Lyci.

107 1047 159 1102 555
175 1038 326 1115 Quodque
341 1055 416 1101 suae
430 1054 527 1116 passa
540 1043 590 1098 est
603 1039 695 1114 pelex
708 1038 803 1099 invita
817 1037 943 1115 sororis,

213 1123 345 1183 Excidat
358 1129 428 1184 ante
443 1123 541 1200 pedes
556 1121 660 1197 lingua
673 1128 795 1184 resecta
807 1128 889 1185 tuos.

174 1205 320 1269 conditor
331 1214 364 1268 ut
377 1207 499 1282 tardae,
513 1205 644 1266 Blaesus
660 1205 857 1282 cognomine,
873 1205 994 1286 cyrae,

215 1289 303 1352 Orbis
315 1292 345 1351 in
360 1289 527 1352 innumeris
543 1288 700 1350 inveniare
713 1290 802 1351 locis.

171 1374 267 1450 Inque
281 1376 342 1435 tuis
358 1375 478 1451 opifex,
492 1373 555 1433 vati
569 1374 654 1449 quod
668 1373 740 1434 fecit
753 1372 900 1453 Achaeo,

106 1465 159 1519 540
213 1457 314 1519 Noxia
326 1457 490 1519 luminibus
506 1457 627 1533 spicula
642 1457 756 1518 condat
769 1457 848 1533 apis.

169 1541 265 1602 Fixus
281 1541 355 1602 etin
370 1542 455 1602 duris
470 1541 608 1617 carparis
621 1540 744 1601 viscera
758 1541 852 1615 saxis,

215 1625 256 1685 Ut
269 1625 318 1686 cui
332 1625 450 1703 Pyrrha
464 1625 513 1685 sui
528 1624 591 1685 fllia
605 1625 706 1684 fratris
721 1632 795 1686 erat.

172 1708 212 1770 Ut
225 1724 304 1784 puer
316 1709 509 1786 Harpalyces
524 1709 641 1768 referas
655 1709 798 1784 exempla
811 1707 974 1787 Mlyestae,

212 1792 308 1868 Inque
323 1792 366 1853 tui
382 1807 493 1853 caesus
508 1791 630 1852 viscera
644 1792 739 1867 patris
755 1807 820 1852 eas.

111 1883 163 1936 545
177 1875 296 1935 Trunca
309 1892 399 1951 geras
415 1890 511 1936 saevo
525 1875 669 1935 mutilatis
684 1875 823 1951 partibus
838 1889 922 1950 ense,

215 1959 322 2033 Qualia
336 1960 501 2020 Mamertae
514 1958 651 2020 membra
666 1959 764 2019 fuisse
779 1960 888 2020 ierunt.
1061 1988 1096 2008 -

172 2042 274 2116 thue
289 2043 458 2122 Syracosio
474 2043 654 2119 praestricta
669 2044 759 2103 fauce
773 2050 893 2118 poetae,

215 2125 268 2187 Sic
282 2127 401 2186 animae
416 2128 527 2201 laqueo
543 2126 583 2188 sit
595 2127 648 2186 via
662 2128 768 2188 clausa
781 2132 863 2187 tuae.

172 2209 301 2269 Nudave
317 2210 444 2286 derepta
458 2216 583 2286 pateant
595 2215 648 2270 tua
661 2211 784 2272 viscera
798 2210 888 2286 pelle,

109 2300 163 2354 550
218 2294 258 2354 Ut
270 2292 436 2372 Phrygium
451 2293 537 2354 culus
552 2295 677 2354 nomina
691 2292 805 2355 flumen
820 2292 922 2356 habet.

175 2377 328 2439 Saxificae
342 2377 451 2438 videas
465 2376 572 2438 infelix
587 2393 642 2437 ora
655 2378 815 2450 Medusae,

217 2459 392 2537 Cephenum
407 2464 521 2522 multos
537 2477 616 2537 quae
632 2462 717 2522 dedit
730 2477 791 2521 una
804 2461 883 2521 neci.

172 2543 353 2605 Potniadum
367 2555 489 2605 morsus
504 2545 633 2616 subeas,
648 2553 682 2605 ut
696 2545 845 2619 Glaucus,
862 2556 1019 2622 equarum,
1104 2543 1109 2597 ἶ

214 2628 311 2704 Inque
324 2627 418 2689 maris
433 2629 542 2703 salias,
560 2629 694 2690 Glaucus
709 2635 743 2689 ut
756 2630 847 2703 alter,
862 2642 972 2711 aquas,

108 2717 161 2774 555
174 2712 276 2787 thue
290 2711 412 2774 duobus
426 2712 508 2773 idem
525 2711 615 2773 dictis
628 2713 722 2772 modo
739 2727 850 2772 nomen
864 2712 999 2788 habenti,
1099 2712 1104 2724 '

213 2794 394 2857 Praefocent
406 2797 526 2857 animae
541 2797 657 2857 Gnosia
671 2796 762 2856 melfa
774 2796 866 2857 viam.

174 2879 373 2956 Sollicitoque
386 2880 494 2956 bibas,
508 2880 603 2959 Anyti
619 2881 816 2942 doctissimus
832 2880 903 2940 olim

216 2964 428 3040 Inperturbato
444 2963 529 3040 quod
543 2963 619 3024 bibit
634 2979 688 3024 cre
702 2980 784 3024 reus.
1053 3012 1065 3030 ,,
1108 3027 1110 3030 ⁴

172 3046 235 3106 Nec
250 3047 316 3121 tibi,
332 3047 435 3122 siquid
450 3062 551 3121 amas,
568 3046 686 3108 felicius
701 3049 859 3108 Haemone
874 3047 979 3106 cedate

42 3175 47 3188 .
110 3138 163 3193 550
218 3131 319 3205 thue
334 3147 391 3192 sua
401 3132 578 3207 Macareus,
594 3133 640 3193 sic
654 3131 773 3207 potiare
788 3139 850 3193 tua.

174 3213 233 3273 Vel
248 3214 374 3290 videas,
386 3217 470 3291 quod
485 3215 545 3274 iarn
560 3230 628 3275 cum
644 3215 786 3276 flammae
801 3221 911 3276 cuncta
924 3219 1073 3291 tenerent,

216 3296 386 3358 Hectoreus
401 3301 498 3374 patria
512 3299 589 3360 vidit
603 3300 641 3359 ab
657 3314 728 3360 arce
743 3315 829 3375 puer.

175 3379 329 3456 Sanguine
343 3382 457 3456 probra
471 3383 553 3458 luas,
568 3391 602 3444 ut
613 3399 672 3444 avo
687 3384 825 3459 genitore
839 3387 969 3456 creatas,

215 3461 274 3523 Per
287 3464 405 3526 facinus
421 3481 510 3526 soror
524 3473 573 3528 est
587 3467 635 3527 cui
649 3481 707 3528 sua
721 3467 802 3527 facta
815 3480 939 3543 parcns.

110 3556 163 3611 555
178 3545 308 3610 Ossibus
325 3547 419 3626 inque
433 3548 493 3610 tuis
507 3549 559 3608 teli
574 3566 672 3626 genus
686 3551 812 3613 haereat
824 3549 911 3626 illud,
