<?xml version="1.0" encoding="UTF-8"?>
<!DOCTYPE html PUBLIC "-//W3C//DTD XHTML 1.0 Transitional//EN"
    "http://www.w3.org/TR/xhtml1/DTD/xhtml1-transitional.dtd">
<html xmlns="http://www.w3.org/1999/xhtml" xml:lang="en" lang="en">
 <head>
  <title>
</title>
<meta http-equiv="Content-Type" content="text/html;charset=utf-8" />
  <meta name='ocr-system' content='tesseract 3.04.00' />
  <meta name='ocr-capabilities' content='ocr_page ocr_carea ocr_par ocr_line ocrx_word'/>
</head>
<body>
  <div class='ocr_page' id='page_1' title='image "./povidiusnasoexr00merkgoog_0288.png"; bbox 0 0 2318 3960; ppageno 0'>
   <div class='ocr_carea' id='block_1_1' title="bbox 456 207 1089 287">
    <p class='ocr_par' dir='ltr' id='par_1_1' title="bbox 456 207 1089 287">
     <span class='ocr_line' id='line_1_1' title="bbox 456 207 1089 287; baseline 0.009 -17"><span class='ocrx_word' id='word_1_1' title='bbox 456 210 512 287; x_wconf 82' lang='grc' dir='ltr'><strong>ΠΙ,</strong></span> <span class='ocrx_word' id='word_1_2' title='bbox 535 207 712 276; x_wconf 78' lang='lat' dir='ltr'><strong>tet-8⁵8.</strong></span> <span class='ocrx_word' id='word_1_3' title='bbox 1025 213 1089 278; x_wconf 74' lang='lat' dir='ltr'><strong>aot</strong></span> 
     </span>
    </p>
   </div>
   <div class='ocr_carea' id='block_1_2' title="bbox 163 362 981 441">
    <p class='ocr_par' dir='ltr' id='par_1_2' title="bbox 163 362 981 441">
     <span class='ocr_line' id='line_1_2' title="bbox 163 362 981 441; baseline -0.001 -15"><span class='ocrx_word' id='word_1_4' title='bbox 163 366 223 426; x_wconf 83' lang='lat' dir='ltr'><strong>Nee</strong></span> <span class='ocrx_word' id='word_1_5' title='bbox 239 365 402 441; x_wconf 86' lang='lat' dir='ltr'><strong>quisquam</strong></span> <span class='ocrx_word' id='word_1_6' title='bbox 417 362 512 427; x_wconf 83' lang='lat' dir='ltr'><strong>iuvita</strong></span> <span class='ocrx_word' id='word_1_7' title='bbox 527 362 616 423; x_wconf 88' lang='lat' dir='ltr'><strong>laciet</strong></span> <span class='ocrx_word' id='word_1_8' title='bbox 629 362 709 424; x_wconf 90' lang='lat' dir='ltr'><strong>beue</strong></span> <span class='ocrx_word' id='word_1_9' title='bbox 722 363 845 424; x_wconf 84' lang='lat' dir='ltr'><strong>vineola</strong></span> <span class='ocrx_word' id='word_1_10' title='bbox 859 365 981 441; x_wconf 78' lang='lat' dir='ltr'><strong>plantae</strong></span> 
     </span>
    </p>
   </div>
   <div class='ocr_carea' id='block_1_3' title="bbox 86 445 1087 2527">
    <p class='ocr_par' dir='ltr' id='par_1_3' title="bbox 86 445 1087 2527">
     <span class='ocr_line' id='line_1_3' title="bbox 202 445 825 525; baseline -0.003 -17"><span class='ocrx_word' id='word_1_11' title='bbox 202 449 340 518; x_wconf 82' lang='lat' dir='ltr'>Pallade,</span> <span class='ocrx_word' id='word_1_12' title='bbox 366 446 405 506; x_wconf 92' lang='lat' dir='ltr'><strong>sit</strong></span> <span class='ocrx_word' id='word_1_13' title='bbox 418 445 535 525; x_wconf 80' lang='lat' dir='ltr'>Tychio</span> <span class='ocrx_word' id='word_1_14' title='bbox 551 447 670 508; x_wconf 87' lang='lat' dir='ltr'><strong>doetlor</strong></span> <span class='ocrx_word' id='word_1_15' title='bbox 682 447 733 507; x_wconf 90' lang='lat' dir='ltr'><strong>ille</strong></span> <span class='ocrx_word' id='word_1_16' title='bbox 747 448 825 508; x_wconf 89' lang='lat' dir='ltr'><strong>lieet.</strong></span> 
     </span>
     <span class='ocr_line' id='line_1_4' title="bbox 88 528 832 608; baseline -0.004 -13"><span class='ocrx_word' id='word_1_17' title='bbox 88 543 144 596; x_wconf 68' lang='lat'><strong>825</strong></span> <span class='ocrx_word' id='word_1_18' title='bbox 163 534 198 592; x_wconf 84' lang='lat' dir='ltr'><strong>Et</strong></span> <span class='ocrx_word' id='word_1_19' title='bbox 213 533 283 593; x_wconf 86' lang='lat' dir='ltr'><strong>lieet</strong></span> <span class='ocrx_word' id='word_1_20' title='bbox 298 530 422 605; x_wconf 87' lang='lat' dir='ltr'><strong>antiquo</strong></span> <span class='ocrx_word' id='word_1_21' title='bbox 437 528 578 590; x_wconf 85' lang='lat' dir='ltr'><strong>manibus</strong></span> <span class='ocrx_word' id='word_1_22' title='bbox 594 532 733 591; x_wconf 78' lang='lat' dir='ltr'><strong>conlatus</strong></span> <span class='ocrx_word' id='word_1_23' title='bbox 746 531 832 608; x_wconf 81' lang='lat' dir='ltr'><strong>Epeo</strong></span> 
     </span>
     <span class='ocr_line' id='line_1_5' title="bbox 202 613 814 693; baseline -0.005 -17"><span class='ocrx_word' id='word_1_24' title='bbox 202 615 246 676; x_wconf 90' lang='lat' dir='ltr'><strong>Sit</strong></span> <span class='ocrx_word' id='word_1_25' title='bbox 259 615 358 693; x_wconf 86' lang='lat' dir='ltr'><strong>prior,</strong></span> <span class='ocrx_word' id='word_1_26' title='bbox 378 614 456 674; x_wconf 87' lang='lat' dir='ltr'><strong>irata</strong></span> <span class='ocrx_word' id='word_1_27' title='bbox 468 613 592 674; x_wconf 88' lang='lat' dir='ltr'><strong>Pallade</strong></span> <span class='ocrx_word' id='word_1_28' title='bbox 605 622 733 675; x_wconf 85' lang='lat' dir='ltr'><strong>maneus</strong></span> <span class='ocrx_word' id='word_1_29' title='bbox 749 616 814 675; x_wconf 85' lang='lat' dir='ltr'><strong>erit.</strong></span> 
     </span>
     <span class='ocr_line' id='line_1_6' title="bbox 161 696 966 776; baseline 0 -18"><span class='ocrx_word' id='word_1_30' title='bbox 161 701 227 761; x_wconf 89' lang='lat' dir='ltr'><strong>Vos</strong></span> <span class='ocrx_word' id='word_1_31' title='bbox 242 710 380 776; x_wconf 87' lang='lat' dir='ltr'><strong>quoquo,</strong></span> <span class='ocrx_word' id='word_1_32' title='bbox 402 696 545 758; x_wconf 88' lang='lat' dir='ltr'><strong>Phoebea</strong></span> <span class='ocrx_word' id='word_1_33' title='bbox 558 697 684 758; x_wconf 86' lang='lat' dir='ltr'>morbos</span> <span class='ocrx_word' id='word_1_34' title='bbox 700 697 753 774; x_wconf 90' lang='lat' dir='ltr'><strong>qul</strong></span> <span class='ocrx_word' id='word_1_35' title='bbox 767 698 878 773; x_wconf 81' lang='lat' dir='ltr'><strong>pellitis</strong></span> <span class='ocrx_word' id='word_1_36' title='bbox 893 704 966 773; x_wconf 87' lang='lat' dir='ltr'><strong>arte,</strong></span> 
     </span>
     <span class='ocr_line' id='line_1_7' title="bbox 202 780 848 856; baseline -0.006 -13"><span class='ocrx_word' id='word_1_37' title='bbox 202 783 327 843; x_wconf 82' lang='lat' dir='ltr'><strong>Munera</strong></span> <span class='ocrx_word' id='word_1_38' title='bbox 344 781 383 840; x_wconf 90' lang='lat' dir='ltr'><strong>de</strong></span> <span class='ocrx_word' id='word_1_39' title='bbox 398 780 509 841; x_wconf 86' lang='lat' dir='ltr'><strong>vestris</strong></span> <span class='ocrx_word' id='word_1_40' title='bbox 524 793 623 856; x_wconf 84' lang='lat' dir='ltr'><strong>pauca</strong></span> <span class='ocrx_word' id='word_1_41' title='bbox 636 782 746 841; x_wconf 82' lang='lat' dir='ltr'><strong>referte</strong></span> <span class='ocrx_word' id='word_1_42' title='bbox 762 781 848 842; x_wconf 87' lang='lat' dir='ltr'><strong>deae.</strong></span> 
     </span>
     <span class='ocr_line' id='line_1_8' title="bbox 160 863 1087 941; baseline -0.002 -15"><span class='ocrx_word' id='word_1_43' title='bbox 160 867 223 926; x_wconf 87' lang='lat' dir='ltr'><strong>Neo</strong></span> <span class='ocrx_word' id='word_1_44' title='bbox 239 882 311 937; x_wconf 87' lang='lat' dir='ltr'><strong>vos,</strong></span> <span class='ocrx_word' id='word_1_45' title='bbox 333 863 421 924; x_wconf 87' lang='lat' dir='ltr'><strong>turba</strong></span> <span class='ocrx_word' id='word_1_46' title='bbox 436 865 499 924; x_wconf 87' lang='lat' dir='ltr'><strong>lere</strong></span> <span class='ocrx_word' id='word_1_47' title='bbox 514 879 609 925; x_wconf 82' lang='lat' dir='ltr'><strong>censu</strong></span> <span class='ocrx_word' id='word_1_48' title='bbox 623 865 777 940; x_wconf 82' lang='lat' dir='ltr'><strong>fraudata,</strong></span> <span class='ocrx_word' id='word_1_49' title='bbox 797 864 942 941; x_wconf 74' lang='lat' dir='ltr'>magistri,</span> <span class='ocrx_word' id='word_1_50' title='bbox 1048 902 1087 914; x_wconf 84' lang='lat'>-</span> 
     </span>
     <span class='ocr_line' id='line_1_9' title="bbox 87 947 871 1025; baseline -0.006 -14"><span class='ocrx_word' id='word_1_51' title='bbox 87 959 143 1011; x_wconf 73' lang='lat'><strong>830</strong></span> <span class='ocrx_word' id='word_1_52' title='bbox 197 948 346 1025; x_wconf 85' lang='lat' dir='ltr'><strong>Spernite.</strong></span> <span class='ocrx_word' id='word_1_53' title='bbox 376 947 545 1023; x_wconf 82' lang='lat' dir='ltr'><strong>discipulos</strong></span> <span class='ocrx_word' id='word_1_54' title='bbox 562 947 682 1008; x_wconf 80' lang='lat' dir='ltr'><strong>attrahit</strong></span> <span class='ocrx_word' id='word_1_55' title='bbox 696 949 747 1008; x_wconf 92' lang='lat' dir='ltr'><strong>illa</strong></span> <span class='ocrx_word' id='word_1_56' title='bbox 761 964 871 1010; x_wconf 85' lang='lat' dir='ltr'><strong>novos.</strong></span> 
     </span>
     <span class='ocr_line' id='line_1_10' title="bbox 162 1030 1016 1107; baseline 0.001 -15"><span class='ocrx_word' id='word_1_57' title='bbox 162 1033 279 1107; x_wconf 82' lang='lat' dir='ltr'>Quique</span> <span class='ocrx_word' id='word_1_58' title='bbox 292 1045 400 1091; x_wconf 88' lang='lat' dir='ltr'><strong>moves</strong></span> <span class='ocrx_word' id='word_1_59' title='bbox 420 1031 546 1103; x_wconf 87' lang='lat' dir='ltr'><strong>eaelum,</strong></span> <span class='ocrx_word' id='word_1_60' title='bbox 563 1030 759 1106; x_wconf 86' lang='lat' dir='ltr'><strong>tabulamque</strong></span> <span class='ocrx_word' id='word_1_61' title='bbox 774 1031 929 1094; x_wconf 87' lang='lat' dir='ltr'><strong>coloribus</strong></span> <span class='ocrx_word' id='word_1_62' title='bbox 942 1035 1016 1106; x_wconf 85' lang='lat' dir='ltr'><strong>uris,</strong></span> 
     </span>
     <span class='ocr_line' id='line_1_11' title="bbox 203 1113 841 1191; baseline -0.003 -15"><span class='ocrx_word' id='word_1_63' title='bbox 203 1116 321 1191; x_wconf 82' lang='lat' dir='ltr'>Quique</span> <span class='ocrx_word' id='word_1_64' title='bbox 336 1113 411 1175; x_wconf 83' lang='lat' dir='ltr'><strong>iacis</strong></span> <span class='ocrx_word' id='word_1_65' title='bbox 426 1113 519 1175; x_wconf 81' lang='lat' dir='ltr'><strong>docta</strong></span> <span class='ocrx_word' id='word_1_66' title='bbox 532 1114 635 1174; x_wconf 88' lang='lat' dir='ltr'><strong>mollia</strong></span> <span class='ocrx_word' id='word_1_67' title='bbox 650 1130 726 1175; x_wconf 89' lang='lat' dir='ltr'><strong>saxa</strong></span> <span class='ocrx_word' id='word_1_68' title='bbox 740 1131 841 1175; x_wconf 88' lang='lat' dir='ltr'><strong>manu.</strong></span> 
     </span>
     <span class='ocr_line' id='line_1_12' title="bbox 161 1198 1008 1272; baseline 0.001 -14"><span class='ocrx_word' id='word_1_69' title='bbox 161 1199 243 1258; x_wconf 85' lang='lat' dir='ltr'><strong>Mille</strong></span> <span class='ocrx_word' id='word_1_70' title='bbox 257 1199 315 1258; x_wconf 86' lang='lat' dir='ltr'><strong>dea</strong></span> <span class='ocrx_word' id='word_1_71' title='bbox 330 1206 377 1258; x_wconf 88' lang='lat' dir='ltr'><strong>est</strong></span> <span class='ocrx_word' id='word_1_72' title='bbox 391 1212 528 1272; x_wconf 85' lang='lat' dir='ltr'><strong>operum.</strong></span> <span class='ocrx_word' id='word_1_73' title='bbox 559 1204 640 1259; x_wconf 86' lang='lat' dir='ltr'><strong>certe</strong></span> <span class='ocrx_word' id='word_1_74' title='bbox 655 1198 715 1258; x_wconf 89' lang='lat' dir='ltr'><strong>dea</strong></span> <span class='ocrx_word' id='word_1_75' title='bbox 728 1199 870 1259; x_wconf 83' lang='lat' dir='ltr'>carminis</span> <span class='ocrx_word' id='word_1_76' title='bbox 885 1200 937 1259; x_wconf 92' lang='lat' dir='ltr'><strong>illa</strong></span> <span class='ocrx_word' id='word_1_77' title='bbox 951 1207 1008 1260; x_wconf 87' lang='lat' dir='ltr'><strong>est</strong></span> 
     </span>
     <span class='ocr_line' id='line_1_13' title="bbox 204 1281 820 1355; baseline -0.003 -12"><span class='ocrx_word' id='word_1_78' title='bbox 204 1282 236 1343; x_wconf 90' lang='lat' dir='ltr'><strong>Si</strong></span> <span class='ocrx_word' id='word_1_79' title='bbox 252 1297 379 1355; x_wconf 86' lang='lat' dir='ltr'><strong>mereor,</strong></span> <span class='ocrx_word' id='word_1_80' title='bbox 402 1281 512 1342; x_wconf 89' lang='lat' dir='ltr'><strong>studiis</strong></span> <span class='ocrx_word' id='word_1_81' title='bbox 526 1282 607 1342; x_wconf 87' lang='lat' dir='ltr'><strong>adsit</strong></span> <span class='ocrx_word' id='word_1_82' title='bbox 622 1282 719 1342; x_wconf 83' lang='lat' dir='ltr'><strong>amieo</strong></span> <span class='ocrx_word' id='word_1_83' title='bbox 733 1283 820 1342; x_wconf 88' lang='lat' dir='ltr'><strong>meis.</strong></span> 
     </span>
     <span class='ocr_line' id='line_1_14' title="bbox 86 1365 959 1441; baseline -0.007 -11"><span class='ocrx_word' id='word_1_84' title='bbox 86 1373 143 1430; x_wconf 76' lang='lat'><strong>8³5</strong></span> <span class='ocrx_word' id='word_1_85' title='bbox 159 1366 277 1427; x_wconf 84' lang='lat' dir='ltr'><strong>Caelius</strong></span> <span class='ocrx_word' id='word_1_86' title='bbox 293 1382 332 1426; x_wconf 88' lang='lat' dir='ltr'><strong>ex</strong></span> <span class='ocrx_word' id='word_1_87' title='bbox 347 1365 408 1425; x_wconf 84' lang='lat' dir='ltr'><strong>alto</strong></span> <span class='ocrx_word' id='word_1_88' title='bbox 423 1380 485 1440; x_wconf 87' lang='lat' dir='ltr'><strong>qua</strong></span> <span class='ocrx_word' id='word_1_89' title='bbox 499 1379 587 1426; x_wconf 87' lang='lat' dir='ltr'><strong>mous</strong></span> <span class='ocrx_word' id='word_1_90' title='bbox 602 1366 761 1426; x_wconf 86' lang='lat' dir='ltr'><strong>deseendit</strong></span> <span class='ocrx_word' id='word_1_91' title='bbox 775 1366 805 1425; x_wconf 89' lang='lat' dir='ltr'><strong>in</strong></span> <span class='ocrx_word' id='word_1_92' title='bbox 820 1381 959 1441; x_wconf 75' lang='lat' dir='ltr'><strong>aequum,</strong></span> 
     </span>
     <span class='ocr_line' id='line_1_15' title="bbox 202 1448 941 1525; baseline -0.001 -16"><span class='ocrx_word' id='word_1_93' title='bbox 202 1450 257 1509; x_wconf 89' lang='lat' dir='ltr'><strong>Hie</strong></span> <span class='ocrx_word' id='word_1_94' title='bbox 271 1448 323 1510; x_wconf 90' lang='lat' dir='ltr'><strong>ubi</strong></span> <span class='ocrx_word' id='word_1_95' title='bbox 337 1463 399 1509; x_wconf 89' lang='lat' dir='ltr'><strong>non</strong></span> <span class='ocrx_word' id='word_1_96' title='bbox 414 1449 506 1525; x_wconf 87' lang='lat' dir='ltr'><strong>plana</strong></span> <span class='ocrx_word' id='word_1_97' title='bbox 519 1455 574 1522; x_wconf 85' lang='lat' dir='ltr'><strong>est,</strong></span> <span class='ocrx_word' id='word_1_98' title='bbox 592 1449 648 1509; x_wconf 89' lang='lat' dir='ltr'><strong>sed</strong></span> <span class='ocrx_word' id='word_1_99' title='bbox 664 1462 761 1524; x_wconf 82' lang='lat' dir='ltr'><strong>prope</strong></span> <span class='ocrx_word' id='word_1_100' title='bbox 778 1450 868 1524; x_wconf 89' lang='lat' dir='ltr'><strong>plena</strong></span> <span class='ocrx_word' id='word_1_101' title='bbox 881 1449 941 1524; x_wconf 71' lang='lat' dir='ltr'><strong>via,</strong></span> 
     </span>
     <span class='ocr_line' id='line_1_16' title="bbox 160 1531 923 1608; baseline 0 -16"><span class='ocrx_word' id='word_1_102' title='bbox 160 1534 257 1594; x_wconf 85' lang='lat' dir='ltr'><strong>Parva</strong></span> <span class='ocrx_word' id='word_1_103' title='bbox 271 1532 342 1593; x_wconf 87' lang='lat' dir='ltr'><strong>lieet</strong></span> <span class='ocrx_word' id='word_1_104' title='bbox 355 1532 464 1592; x_wconf 88' lang='lat' dir='ltr'><strong>videas</strong></span> <span class='ocrx_word' id='word_1_105' title='bbox 481 1532 594 1608; x_wconf 81' lang='lat' dir='ltr'><strong>Captae</strong></span> <span class='ocrx_word' id='word_1_106' title='bbox 616 1531 743 1593; x_wconf 87' lang='lat' dir='ltr'><strong>delubra</strong></span> <span class='ocrx_word' id='word_1_107' title='bbox 757 1533 923 1605; x_wconf 88' lang='lat' dir='ltr'><strong>Minervae,</strong></span> 
     </span>
     <span class='ocr_line' id='line_1_17' title="bbox 203 1615 791 1693; baseline -0.005 -16"><span class='ocrx_word' id='word_1_108' title='bbox 203 1617 285 1691; x_wconf 83' lang='lat' dir='ltr'><strong>Quae</strong></span> <span class='ocrx_word' id='word_1_109' title='bbox 300 1616 359 1676; x_wconf 91' lang='lat' dir='ltr'><strong>dea</strong></span> <span class='ocrx_word' id='word_1_110' title='bbox 372 1616 465 1676; x_wconf 89' lang='lat' dir='ltr'><strong>natali</strong></span> <span class='ocrx_word' id='word_1_111' title='bbox 481 1616 583 1693; x_wconf 86' lang='lat' dir='ltr'><strong>eoepit</strong></span> <span class='ocrx_word' id='word_1_112' title='bbox 596 1615 710 1676; x_wconf 88' lang='lat' dir='ltr'><strong>habere</strong></span> <span class='ocrx_word' id='word_1_113' title='bbox 724 1631 791 1677; x_wconf 90' lang='lat' dir='ltr'><strong>suo.</strong></span> 
     </span>
     <span class='ocr_line' id='line_1_18' title="bbox 160 1699 956 1775; baseline 0 -16"><span class='ocrx_word' id='word_1_114' title='bbox 160 1700 295 1761; x_wconf 87' lang='lat' dir='ltr'><strong>Nominis</strong></span> <span class='ocrx_word' id='word_1_115' title='bbox 311 1699 341 1758; x_wconf 90' lang='lat' dir='ltr'><strong>in</strong></span> <span class='ocrx_word' id='word_1_116' title='bbox 357 1699 450 1758; x_wconf 90' lang='lat' dir='ltr'><strong>dubio</strong></span> <span class='ocrx_word' id='word_1_117' title='bbox 466 1705 631 1760; x_wconf 81' lang='lat' dir='ltr'><strong>causaest.</strong></span> <span class='ocrx_word' id='word_1_118' title='bbox 661 1699 795 1775; x_wconf 85' lang='lat' dir='ltr'><strong>Capitale</strong></span> <span class='ocrx_word' id='word_1_119' title='bbox 807 1712 956 1761; x_wconf 82' lang='lat' dir='ltr'><strong>vocamus</strong></span> 
     </span>
     <span class='ocr_line' id='line_1_19' title="bbox 91 1782 826 1858; baseline -0.005 -12"><span class='ocrx_word' id='word_1_120' title='bbox 91 1792 145 1846; x_wconf 72' lang='lat' dir='ltr'><strong>oto</strong></span> <span class='ocrx_word' id='word_1_121' title='bbox 203 1783 357 1858; x_wconf 82' lang='lat' dir='ltr'><strong>Ingenium</strong></span> <span class='ocrx_word' id='word_1_122' title='bbox 373 1782 491 1842; x_wconf 84' lang='lat' dir='ltr'><strong>sollers.</strong></span> <span class='ocrx_word' id='word_1_123' title='bbox 521 1783 681 1858; x_wconf 82' lang='lat' dir='ltr'><strong>ingeniosa</strong></span> <span class='ocrx_word' id='word_1_124' title='bbox 696 1783 756 1844; x_wconf 91' lang='lat' dir='ltr'><strong>dea</strong></span> <span class='ocrx_word' id='word_1_125' title='bbox 769 1791 826 1844; x_wconf 90' lang='lat' dir='ltr'><strong>est.</strong></span> 
     </span>
     <span class='ocr_line' id='line_1_20' title="bbox 160 1865 905 1943; baseline 0 -17"><span class='ocrx_word' id='word_1_126' title='bbox 160 1870 208 1927; x_wconf 81' lang='lat' dir='ltr'><strong>An</strong></span> <span class='ocrx_word' id='word_1_127' title='bbox 226 1867 298 1942; x_wconf 89' lang='lat' dir='ltr'><strong>quia</strong></span> <span class='ocrx_word' id='word_1_128' title='bbox 312 1865 352 1925; x_wconf 92' lang='lat' dir='ltr'><strong>de</strong></span> <span class='ocrx_word' id='word_1_129' title='bbox 366 1865 473 1941; x_wconf 87' lang='lat' dir='ltr'><strong>eapitis</strong></span> <span class='ocrx_word' id='word_1_130' title='bbox 490 1866 584 1926; x_wconf 87' lang='lat' dir='ltr'><strong>lertur</strong></span> <span class='ocrx_word' id='word_1_131' title='bbox 598 1866 666 1926; x_wconf 87' lang='lat' dir='ltr'><strong>siue</strong></span> <span class='ocrx_word' id='word_1_132' title='bbox 679 1873 774 1928; x_wconf 87' lang='lat' dir='ltr'><strong>matre</strong></span> <span class='ocrx_word' id='word_1_133' title='bbox 787 1867 905 1943; x_wconf 83' lang='lat' dir='ltr'><strong>paterni</strong></span> 
     </span>
     <span class='ocr_line' id='line_1_21' title="bbox 203 1948 813 2025; baseline -0.003 -15"><span class='ocrx_word' id='word_1_134' title='bbox 203 1950 328 2010; x_wconf 88' lang='lat' dir='ltr'><strong>Vertiee</strong></span> <span class='ocrx_word' id='word_1_135' title='bbox 342 1964 410 2010; x_wconf 85' lang='lat' dir='ltr'><strong>curn</strong></span> <span class='ocrx_word' id='word_1_136' title='bbox 425 1950 523 2024; x_wconf 89' lang='lat' dir='ltr'><strong>elipeo</strong></span> <span class='ocrx_word' id='word_1_137' title='bbox 540 1948 721 2025; x_wconf 85' lang='lat' dir='ltr'><strong>prosiluisse</strong></span> <span class='ocrx_word' id='word_1_138' title='bbox 736 1957 813 2010; x_wconf 75' lang='lat' dir='ltr'><strong>suot</strong></span> 
     </span>
     <span class='ocr_line' id='line_1_22' title="bbox 160 2032 894 2110; baseline -0.001 -16"><span class='ocrx_word' id='word_1_139' title='bbox 160 2039 208 2095; x_wconf 81' lang='lat' dir='ltr'><strong>An</strong></span> <span class='ocrx_word' id='word_1_140' title='bbox 225 2032 298 2110; x_wconf 90' lang='lat' dir='ltr'><strong>quia</strong></span> <span class='ocrx_word' id='word_1_141' title='bbox 312 2032 488 2109; x_wconf 87' lang='lat' dir='ltr'><strong>perdomitis</strong></span> <span class='ocrx_word' id='word_1_142' title='bbox 503 2033 542 2093; x_wconf 89' lang='lat' dir='ltr'><strong>ad</strong></span> <span class='ocrx_word' id='word_1_143' title='bbox 558 2047 615 2093; x_wconf 90' lang='lat' dir='ltr'><strong>nos</strong></span> <span class='ocrx_word' id='word_1_144' title='bbox 630 2033 753 2108; x_wconf 81' lang='lat' dir='ltr'><strong>captiva</strong></span> <span class='ocrx_word' id='word_1_145' title='bbox 765 2033 894 2094; x_wconf 77' lang='lat' dir='ltr'><strong>Faliscis</strong></span> 
     </span>
     <span class='ocr_line' id='line_1_23' title="bbox 200 2116 891 2193; baseline 0 -18"><span class='ocrx_word' id='word_1_146' title='bbox 200 2117 311 2176; x_wconf 75' lang='lat' dir='ltr'><strong>Venit?</strong></span> <span class='ocrx_word' id='word_1_147' title='bbox 332 2123 361 2176; x_wconf 88' lang='lat' dir='ltr'><strong>et</strong></span> <span class='ocrx_word' id='word_1_148' title='bbox 374 2116 435 2176; x_wconf 84' lang='lat' dir='ltr'><strong>hoo</strong></span> <span class='ocrx_word' id='word_1_149' title='bbox 448 2116 549 2192; x_wconf 88' lang='lat' dir='ltr'><strong>ipsum</strong></span> <span class='ocrx_word' id='word_1_150' title='bbox 563 2117 661 2177; x_wconf 87' lang='lat' dir='ltr'><strong>littera</strong></span> <span class='ocrx_word' id='word_1_151' title='bbox 674 2116 777 2193; x_wconf 84' lang='lat' dir='ltr'><strong>prisea</strong></span> <span class='ocrx_word' id='word_1_152' title='bbox 791 2118 891 2178; x_wconf 86' lang='lat' dir='ltr'><strong>docet.</strong></span> 
     </span>
     <span class='ocr_line' id='line_1_24' title="bbox 93 2199 1049 2276; baseline -0.005 -12"><span class='ocrx_word' id='word_1_153' title='bbox 93 2209 146 2264; x_wconf 73' lang='lat' dir='ltr'><strong>ets</strong></span> <span class='ocrx_word' id='word_1_154' title='bbox 160 2204 208 2262; x_wconf 83' lang='lat' dir='ltr'><strong>An</strong></span> <span class='ocrx_word' id='word_1_155' title='bbox 225 2201 309 2275; x_wconf 87' lang='lat' dir='ltr'><strong>quod</strong></span> <span class='ocrx_word' id='word_1_156' title='bbox 323 2199 416 2260; x_wconf 90' lang='lat' dir='ltr'><strong>habet</strong></span> <span class='ocrx_word' id='word_1_157' title='bbox 429 2202 541 2276; x_wconf 82' lang='lat' dir='ltr'><strong>legem,</strong></span> <span class='ocrx_word' id='word_1_158' title='bbox 563 2200 671 2276; x_wconf 84' lang='lat' dir='ltr'><strong>eapitis</strong></span> <span class='ocrx_word' id='word_1_159' title='bbox 687 2216 767 2276; x_wconf 87' lang='lat' dir='ltr'><strong>quae</strong></span> <span class='ocrx_word' id='word_1_160' title='bbox 782 2200 918 2275; x_wconf 88' lang='lat' dir='ltr'><strong>pendere</strong></span> <span class='ocrx_word' id='word_1_161' title='bbox 933 2215 1049 2276; x_wconf 84' lang='lat' dir='ltr'><strong>poenas</strong></span> 
     </span>
     <span class='ocr_line' id='line_1_25' title="bbox 202 2281 763 2360; baseline -0.002 -17"><span class='ocrx_word' id='word_1_162' title='bbox 202 2284 247 2343; x_wconf 83' lang='lat' dir='ltr'><strong>Ex</strong></span> <span class='ocrx_word' id='word_1_163' title='bbox 263 2284 314 2343; x_wconf 92' lang='lat' dir='ltr'><strong>illo</strong></span> <span class='ocrx_word' id='word_1_164' title='bbox 328 2281 432 2344; x_wconf 88' lang='lat' dir='ltr'><strong>iubeat</strong></span> <span class='ocrx_word' id='word_1_165' title='bbox 445 2285 524 2346; x_wconf 87' lang='lat' dir='ltr'><strong>lurta</strong></span> <span class='ocrx_word' id='word_1_166' title='bbox 536 2289 658 2360; x_wconf 86' lang='lat' dir='ltr'><strong>reperta</strong></span> <span class='ocrx_word' id='word_1_167' title='bbox 673 2285 763 2345; x_wconf 80' lang='lat' dir='ltr'><strong>lacot</strong></span> 
     </span>
     <span class='ocr_line' id='line_1_26' title="bbox 161 2366 946 2443; baseline 0 -15"><span class='ocrx_word' id='word_1_168' title='bbox 161 2370 190 2428; x_wconf 85' lang='grc' dir='ltr'>Α</span> <span class='ocrx_word' id='word_1_169' title='bbox 205 2383 396 2443; x_wconf 83' lang='lat' dir='ltr'><strong>quacumque</strong></span> <span class='ocrx_word' id='word_1_170' title='bbox 409 2366 504 2428; x_wconf 83' lang='lat' dir='ltr'><strong>trahis</strong></span> <span class='ocrx_word' id='word_1_171' title='bbox 519 2369 636 2428; x_wconf 88' lang='lat' dir='ltr'><strong>ratione</strong></span> <span class='ocrx_word' id='word_1_172' title='bbox 650 2366 815 2443; x_wconf 87' lang='lat' dir='ltr'><strong>voeabula,</strong></span> <span class='ocrx_word' id='word_1_173' title='bbox 836 2367 946 2441; x_wconf 90' lang='lat' dir='ltr'><strong>Pallas,</strong></span> 
     </span>
     <span class='ocr_line' id='line_1_27' title="bbox 202 2450 905 2527; baseline -0.003 -17"><span class='ocrx_word' id='word_1_174' title='bbox 202 2451 261 2511; x_wconf 87' lang='lat' dir='ltr'><strong>Pro</strong></span> <span class='ocrx_word' id='word_1_175' title='bbox 277 2450 406 2512; x_wconf 78' lang='lat' dir='ltr'><strong>ducibus</strong></span> <span class='ocrx_word' id='word_1_176' title='bbox 420 2451 533 2511; x_wconf 88' lang='lat' dir='ltr'><strong>nostris</strong></span> <span class='ocrx_word' id='word_1_177' title='bbox 548 2450 659 2527; x_wconf 78' lang='lat' dir='ltr'><strong>aegida</strong></span> <span class='ocrx_word' id='word_1_178' title='bbox 674 2465 797 2527; x_wconf 85' lang='lat' dir='ltr'><strong>semper</strong></span> <span class='ocrx_word' id='word_1_179' title='bbox 809 2451 905 2512; x_wconf 85' lang='lat' dir='ltr'><strong>hahet</strong></span> 
     </span>
    </p>
   </div>
   <div class='ocr_carea' id='block_1_4' title="bbox 421 2583 748 2645">
    <p class='ocr_par' dir='ltr' id='par_1_4' title="bbox 421 2583 748 2645">
     <span class='ocr_line' id='line_1_28' title="bbox 421 2583 748 2645; baseline -0.003 0"><span class='ocrx_word' id='word_1_180' title='bbox 421 2583 473 2645; x_wconf 76' lang='lat'><strong>23.</strong></span> <span class='ocrx_word' id='word_1_181' title='bbox 498 2585 523 2642; x_wconf 91' lang='lat' dir='ltr'><strong>B</strong></span> <span class='ocrx_word' id='word_1_182' title='bbox 544 2584 748 2644; x_wconf 63' lang='lat' dir='ltr'><strong>svaihro</strong></span> 
     </span>
    </p>
   </div>
   <div class='ocr_carea' id='block_1_5' title="bbox 97 2696 1011 3528">
    <p class='ocr_par' dir='ltr' id='par_1_5' title="bbox 97 2696 1011 3528">
     <span class='ocr_line' id='line_1_29' title="bbox 164 2696 949 2773; baseline 0.001 -14"><span class='ocrx_word' id='word_1_183' title='bbox 164 2697 288 2760; x_wconf 89' lang='lat' dir='ltr'><strong>Summa</strong></span> <span class='ocrx_word' id='word_1_184' title='bbox 302 2699 369 2760; x_wconf 88' lang='lat' dir='ltr'><strong>dies</strong></span> <span class='ocrx_word' id='word_1_185' title='bbox 385 2714 403 2759; x_wconf 91' lang='lat' dir='ltr'><strong>e</strong></span> <span class='ocrx_word' id='word_1_186' title='bbox 418 2698 553 2773; x_wconf 88' lang='lat' dir='ltr'><strong>quinque</strong></span> <span class='ocrx_word' id='word_1_187' title='bbox 567 2696 653 2758; x_wconf 91' lang='lat' dir='ltr'><strong>tubas</strong></span> <span class='ocrx_word' id='word_1_188' title='bbox 669 2700 799 2761; x_wconf 88' lang='lat' dir='ltr'><strong>lustrare</strong></span> <span class='ocrx_word' id='word_1_189' title='bbox 813 2713 949 2760; x_wconf 54' lang='lat' dir='ltr'><strong>canoras*</strong></span> 
     </span>
     <span class='ocr_line' id='line_1_30' title="bbox 97 2780 797 2856; baseline -0.004 -12"><span class='ocrx_word' id='word_1_190' title='bbox 97 2791 151 2844; x_wconf 79' lang='lat'><strong>850</strong></span> <span class='ocrx_word' id='word_1_191' title='bbox 205 2783 373 2856; x_wconf 88' lang='lat' dir='ltr'><strong>Admouet,</strong></span> <span class='ocrx_word' id='word_1_192' title='bbox 392 2791 422 2843; x_wconf 92' lang='lat' dir='ltr'><strong>et</strong></span> <span class='ocrx_word' id='word_1_193' title='bbox 437 2782 506 2841; x_wconf 89' lang='lat' dir='ltr'><strong>lorti</strong></span> <span class='ocrx_word' id='word_1_194' title='bbox 521 2780 695 2842; x_wconf 85' lang='lat' dir='ltr'><strong>sacrificare</strong></span> <span class='ocrx_word' id='word_1_195' title='bbox 709 2784 797 2844; x_wconf 89' lang='lat' dir='ltr'><strong>deae.</strong></span> 
     </span>
     <span class='ocr_line' id='line_1_31' title="bbox 162 2864 877 2942; baseline -0.001 -16"><span class='ocrx_word' id='word_1_196' title='bbox 162 2866 246 2926; x_wconf 88' lang='lat' dir='ltr'><strong>Nune</strong></span> <span class='ocrx_word' id='word_1_197' title='bbox 261 2875 349 2942; x_wconf 89' lang='lat' dir='ltr'><strong>potes</strong></span> <span class='ocrx_word' id='word_1_198' title='bbox 365 2867 405 2927; x_wconf 87' lang='lat' dir='ltr'><strong>ad</strong></span> <span class='ocrx_word' id='word_1_199' title='bbox 420 2867 517 2926; x_wconf 88' lang='lat' dir='ltr'><strong>solem</strong></span> <span class='ocrx_word' id='word_1_200' title='bbox 531 2864 652 2926; x_wconf 91' lang='lat' dir='ltr'><strong>sublato</strong></span> <span class='ocrx_word' id='word_1_201' title='bbox 668 2866 771 2927; x_wconf 80' lang='lat' dir='ltr'><strong>dicere</strong></span> <span class='ocrx_word' id='word_1_202' title='bbox 785 2867 877 2941; x_wconf 88' lang='lat' dir='ltr'><strong>voltu,</strong></span> 
     </span>
     <span class='ocr_line' id='line_1_32' title="bbox 202 2949 886 3024; baseline 0.001 -15"><span class='ocrx_word' id='word_1_203' title='bbox 202 2950 270 3009; x_wconf 69' lang='lat' dir='ltr'><strong>‘Hie</strong></span> <span class='ocrx_word' id='word_1_204' title='bbox 284 2949 358 3010; x_wconf 87' lang='lat' dir='ltr'><strong>here</strong></span> <span class='ocrx_word' id='word_1_205' title='bbox 371 2949 518 3009; x_wconf 82' lang='lat' dir='ltr'><strong>Phrixeae</strong></span> <span class='ocrx_word' id='word_1_206' title='bbox 531 2949 648 3008; x_wconf 89' lang='lat' dir='ltr'><strong>vellera</strong></span> <span class='ocrx_word' id='word_1_207' title='bbox 661 2950 776 3024; x_wconf 80' lang='lat' dir='ltr'><strong>pressit</strong></span> <span class='ocrx_word' id='word_1_208' title='bbox 792 2949 886 3011; x_wconf 67' lang='lat' dir='ltr'><strong>ovis?</strong></span> 
     </span>
     <span class='ocr_line' id='line_1_33' title="bbox 163 3031 915 3095; baseline 0 -3"><span class='ocrx_word' id='word_1_209' title='bbox 163 3033 335 3094; x_wconf 82' lang='lat' dir='ltr'><strong>seminibus</strong></span> <span class='ocrx_word' id='word_1_210' title='bbox 351 3033 440 3095; x_wconf 87' lang='lat' dir='ltr'><strong>tostis</strong></span> <span class='ocrx_word' id='word_1_211' title='bbox 456 3034 623 3093; x_wconf 82' lang='lat' dir='ltr'><strong>sceleratae</strong></span> <span class='ocrx_word' id='word_1_212' title='bbox 638 3031 747 3092; x_wconf 88' lang='lat' dir='ltr'><strong>iraude</strong></span> <span class='ocrx_word' id='word_1_213' title='bbox 761 3046 915 3094; x_wconf 79' lang='lat' dir='ltr'><strong>novercae</strong></span> 
     </span>
     <span class='ocr_line' id='line_1_34' title="bbox 203 3115 881 3191; baseline -0.004 -15"><span class='ocrx_word' id='word_1_214' title='bbox 203 3115 373 3178; x_wconf 89' lang='lat' dir='ltr'><strong>Sustulerat</strong></span> <span class='ocrx_word' id='word_1_215' title='bbox 387 3117 486 3178; x_wconf 91' lang='lat' dir='ltr'><strong>nullas</strong></span> <span class='ocrx_word' id='word_1_216' title='bbox 500 3123 533 3176; x_wconf 91' lang='lat' dir='ltr'><strong>ut</strong></span> <span class='ocrx_word' id='word_1_217' title='bbox 546 3116 634 3191; x_wconf 74' lang='lat' dir='ltr'><strong>solet,</strong></span> <span class='ocrx_word' id='word_1_218' title='bbox 654 3115 751 3176; x_wconf 88' lang='lat' dir='ltr'><strong>herba</strong></span> <span class='ocrx_word' id='word_1_219' title='bbox 766 3131 881 3176; x_wconf 86' lang='lat' dir='ltr'><strong>eomas.</strong></span> 
     </span>
     <span class='ocr_line' id='line_1_35' title="bbox 97 3199 937 3275; baseline -0.004 -15"><span class='ocrx_word' id='word_1_220' title='bbox 97 3208 147 3260; x_wconf 77' lang='lat'><strong>855</strong></span> <span class='ocrx_word' id='word_1_221' title='bbox 162 3199 285 3261; x_wconf 84' lang='lat' dir='ltr'><strong>Mittitur</strong></span> <span class='ocrx_word' id='word_1_222' title='bbox 298 3201 339 3259; x_wconf 85' lang='lat' dir='ltr'><strong>ad</strong></span> <span class='ocrx_word' id='word_1_223' title='bbox 353 3200 507 3275; x_wconf 87' lang='lat' dir='ltr'><strong>tripodas,</strong></span> <span class='ocrx_word' id='word_1_224' title='bbox 530 3206 613 3260; x_wconf 88' lang='lat' dir='ltr'><strong>eerta</strong></span> <span class='ocrx_word' id='word_1_225' title='bbox 629 3216 680 3274; x_wconf 84' lang='lat' dir='ltr'><strong>qur</strong></span> <span class='ocrx_word' id='word_1_226' title='bbox 695 3206 779 3260; x_wconf 87' lang='lat' dir='ltr'><strong>sorte</strong></span> <span class='ocrx_word' id='word_1_227' title='bbox 793 3203 937 3274; x_wconf 86' lang='lat' dir='ltr'><strong>reportet,</strong></span> 
     </span>
     <span class='ocr_line' id='line_1_36' title="bbox 204 3282 903 3358; baseline -0.01 -13"><span class='ocrx_word' id='word_1_228' title='bbox 204 3283 299 3356; x_wconf 87' lang='lat' dir='ltr'><strong>Quam</strong></span> <span class='ocrx_word' id='word_1_229' title='bbox 314 3284 409 3344; x_wconf 90' lang='lat' dir='ltr'><strong>sterili</strong></span> <span class='ocrx_word' id='word_1_230' title='bbox 422 3291 521 3344; x_wconf 86' lang='lat' dir='ltr'><strong>terrae</strong></span> <span class='ocrx_word' id='word_1_231' title='bbox 534 3282 700 3358; x_wconf 80' lang='lat' dir='ltr'><strong>Delphicus</strong></span> <span class='ocrx_word' id='word_1_232' title='bbox 716 3284 788 3344; x_wconf 88' lang='lat' dir='ltr'><strong>edat</strong></span> <span class='ocrx_word' id='word_1_233' title='bbox 801 3297 903 3358; x_wconf 88' lang='lat' dir='ltr'><strong>opem.</strong></span> 
     </span>
     <span class='ocr_line' id='line_1_37' title="bbox 162 3365 1011 3443; baseline -0.002 -17"><span class='ocrx_word' id='word_1_234' title='bbox 162 3366 217 3426; x_wconf 84' lang='lat' dir='ltr'><strong>llio</strong></span> <span class='ocrx_word' id='word_1_235' title='bbox 233 3383 357 3443; x_wconf 87' lang='lat' dir='ltr'><strong>quoque</strong></span> <span class='ocrx_word' id='word_1_236' title='bbox 372 3374 533 3443; x_wconf 75' lang='lat' dir='ltr'><strong>eouuptus</strong></span> <span class='ocrx_word' id='word_1_237' title='bbox 548 3382 616 3426; x_wconf 90' lang='lat' dir='ltr'><strong>oum</strong></span> <span class='ocrx_word' id='word_1_238' title='bbox 630 3366 761 3443; x_wconf 86' lang='lat' dir='ltr'><strong>semine,</strong></span> <span class='ocrx_word' id='word_1_239' title='bbox 777 3366 894 3428; x_wconf 90' lang='lat' dir='ltr'><strong>nuntiat</strong></span> <span class='ocrx_word' id='word_1_240' title='bbox 907 3365 1011 3425; x_wconf 87' lang='lat' dir='ltr'><strong>Helles</strong></span> 
     </span>
     <span class='ocr_line' id='line_1_38' title="bbox 201 3449 803 3528; baseline 0.005 -18"><span class='ocrx_word' id='word_1_241' title='bbox 201 3449 240 3511; x_wconf 77' lang='lat' dir='ltr'><strong>Et</strong></span> <span class='ocrx_word' id='word_1_242' title='bbox 254 3451 374 3512; x_wconf 89' lang='lat' dir='ltr'><strong>iuvenis</strong></span> <span class='ocrx_word' id='word_1_243' title='bbox 394 3450 497 3510; x_wconf 86' lang='lat' dir='ltr'><strong>Phrixi</strong></span> <span class='ocrx_word' id='word_1_244' title='bbox 511 3451 619 3511; x_wconf 85' lang='lat' dir='ltr'><strong>lunera</strong></span> <span class='ocrx_word' id='word_1_245' title='bbox 634 3458 716 3512; x_wconf 89' lang='lat' dir='ltr'><strong>sorte</strong></span> <span class='ocrx_word' id='word_1_246' title='bbox 730 3451 803 3528; x_wconf 87' lang='lat' dir='ltr'><strong>peti.</strong></span> 
     </span>
    </p>
   </div>
   <div class='ocr_carea' id='block_1_6' title="bbox 0 0 1164 3960">
    <p class='ocr_par' dir='ltr' id='par_1_6' title="bbox 0 0 1164 3960">
     <span class='ocr_line' id='line_1_39' title="bbox 0 0 1164 3960; baseline 0 0"><span class='ocrx_word' id='word_1_247' title='bbox 0 0 1164 3960; x_wconf 95' lang='lat' dir='ltr'><strong> </strong></span> 
     </span>
    </p>
   </div>
  </div>
 </body>
</html>
