2318 3960
426 226 478 307 ui,
497 225 526 299 5,
549 225 664 307 m-u,
687 229 738 293 uo.

186 379 300 442 tristitia
313 377 396 440 vires
411 386 560 454 temperat
574 382 625 441 iile
639 398 723 441 suas.

97 477 134 529 aa
145 464 249 541 Nuper
262 477 330 523 eam
346 461 459 522 Caesar
470 464 550 523 facto
567 465 606 524 de
621 479 771 525 marmore
785 465 910 541 templo,

184 545 367 622 Iampridem
382 547 487 622 posuit
500 549 610 608 mentis
627 549 659 607 in
673 549 751 608 aede
766 564 852 610 suae.

142 631 279 707 Iuppiter
293 631 323 690 in
337 631 450 691 multos
464 631 626 692 temeraria
640 632 766 692 fulmina
779 640 910 708 torquet,

184 714 240 788 Qui
254 729 388 790 poenam
404 715 495 791 culpa
511 729 573 775 non
588 730 726 775 meruere
740 717 813 792 pati.

144 797 283 858 Obruerit
297 797 399 859 saevis
416 813 486 859 cum
500 805 544 859 tot
558 799 635 860 deus
652 801 796 876 aequoris
811 801 912 875 undis,

97 892 134 946 30
185 882 233 941 Ex
246 881 305 941 iilis
320 882 416 956 mergi
431 899 505 957 pars
523 890 616 957 quota
631 883 723 958 digna
737 885 812 945 suit?

143 966 217 1026 Cum
231 972 359 1041 pereant
374 966 440 1025 aeie
454 967 622 1027 fortissima
636 983 786 1043 quaeque,
808 971 858 1028 vel
872 969 942 1045 ipso

180 1048 285 1109 Iudice
299 1049 437 1111 delectus
451 1049 557 1110 Martis
573 1051 695 1126 iniquus
711 1052 776 1111 erit·

139 1135 181 1193 At
197 1132 223 1193 si
239 1133 317 1193 torte
330 1133 408 1192 veiis
423 1135 454 1192 in
469 1149 527 1194 nos
542 1135 704 1210 inquirere,
726 1151 816 1197 nemo
832 1141 887 1210 est,

184 1216 239 1290 Qui
254 1232 297 1290 se,
322 1217 407 1291 quod
421 1218 540 1292 patitur,
563 1219 784 1280 commeruisse
797 1226 897 1294 neget.

96 1311 132 1365 35
143 1299 248 1372 Adde,
271 1300 355 1374 quod
370 1301 520 1362 extinctos
535 1303 585 1362 vel
601 1318 690 1378 aqua,
708 1304 759 1363 vel
773 1303 878 1378 Marte,
898 1301 1025 1379 religni

181 1383 269 1444 Nulla
284 1390 387 1458 potest
401 1384 509 1446 iterum
522 1387 695 1447 restituisse
714 1387 791 1448 dies.

138 1468 281 1528 Restituit
295 1468 417 1544 multos,
440 1476 491 1530 aut
505 1485 627 1544 poenae
641 1477 728 1546 parte
743 1470 857 1531 levavit

180 1552 301 1612 Caesar.
335 1559 364 1613 et
378 1553 409 1612 in
423 1554 526 1614 multis
541 1571 590 1614 me
604 1555 677 1614 velit
692 1570 763 1616 esse
777 1561 902 1632 precor!

136 1636 178 1694 At
191 1642 239 1709 tu,
263 1651 332 1697 curn
346 1637 398 1699 tali
412 1639 548 1713 populus
564 1637 621 1699 sub
638 1639 778 1714 principe
792 1640 898 1712 simus,

95 1731 132 1783 40
183 1720 338 1796 Adloquio
354 1721 476 1796 profugi
491 1721 592 1782 credis
606 1722 710 1783 inesse
724 1730 858 1785 metum?

137 1802 277 1863 Forsitan
292 1803 370 1864 haec
385 1805 509 1865 domino
524 1805 667 1866 Busiride
681 1807 747 1866 iure
760 1809 892 1881 timeres,

179 1889 242 1948 Aut
254 1888 344 1948 solito
360 1890 485 1950 clausos
500 1905 590 1950 urere
603 1890 634 1948 in
649 1905 720 1949 acre
735 1890 829 1950 viros.

137 1972 252 2031 Desine
266 1972 368 2032 mitem
383 1973 516 2032 animum
532 1989 611 2032 vano
626 1974 774 2033 infamare
788 1974 907 2033 timore.

181 2053 282 2115 Saeva
298 2056 372 2130 quid
386 2058 417 2116 in
432 2057 562 2132 placidis
578 2071 655 2116 saxa
669 2057 786 2116 vereris
801 2056 913 2132 aquist

87 2154 123 2208 45
138 2139 211 2213 Ipse
225 2154 283 2214 ego
299 2140 384 2215 quod
398 2141 497 2216 primo
514 2141 625 2216 scripsi
640 2142 707 2201 sine
717 2141 840 2203 nomine
853 2139 954 2214 vobis,

178 2223 240 2283 Vix
255 2224 397 2284 excusari
411 2240 508 2299 posse
523 2225 595 2284 mihi
610 2224 728 2286 videor.

139 2305 203 2367 Sed
219 2323 317 2382 pavor
331 2307 458 2370 attonito
473 2309 599 2370 rationis
615 2309 772 2370 ademerat
786 2324 885 2383 usum,

182 2391 324 2451 Cesserat
338 2408 428 2452 omne
442 2393 533 2453 novis
549 2392 772 2468 consiliumque
786 2393 884 2454 malis.

138 2473 365 2550 Fortunamque
379 2492 479 2536 meam
494 2482 642 2550 metuens,
665 2493 727 2537 non
743 2476 874 2537 vindicis
890 2476 974 2550 iram,

87 2571 124 2623 50
179 2559 327 2620 Terreba-
340 2560 426 2620 titulo
442 2561 573 2620 nominis
588 2560 657 2635 ipse
672 2562 742 2621 mei.

137 2642 292 2703 Hactenus
308 2643 482 2705 admonitus
497 2645 624 2705 memori
641 2644 778 2704 concede
791 2650 911 2719 poetae,

177 2725 273 2786 Ponat
287 2733 320 2787 ut
334 2728 365 2786 in
382 2727 495 2788 chartis
512 2729 637 2788 nomina
650 2743 722 2787 cara
737 2728 811 2787 suis.

137 2809 238 2884 Turpe
253 2811 308 2871 erit
322 2810 482 2885 ambobus,
506 2812 597 2886 longo
612 2810 684 2870 mihi
699 2811 857 2887 proximus
872 2825 931 2869 usu

181 2891 213 2953 Si
229 2895 311 2954 nulia
326 2895 393 2954 libri
407 2901 494 2970 parte
508 2896 610 2971 legare
623 2895 692 2954 mei.

88 2983 124 3036 ⁶5
137 2976 181 3036 Ne
195 2983 299 3038 tamen
314 2979 373 3040 iste
387 2989 486 3040 metus
502 2996 628 3041 somnos
643 2978 696 3040 tibi
711 2992 853 3053 rumpere
867 2974 976 3051 possit

180 3061 247 3121 Non
264 3063 351 3137 ultra,
374 3079 465 3139 quam
478 3063 536 3139 vis,
559 3063 719 3123 officiosus
735 3077 799 3121 ero.

137 3144 243 3221 Teque
257 3152 366 3221 tegam,
391 3148 442 3222 qui
458 3147 511 3222 sis,
534 3148 593 3207 nisi
609 3162 678 3207 cum
692 3143 869 3222 permiseris
883 3142 963 3220 ipse.

180 3228 311 3304 Cogntur
324 3246 414 3291 nemo
430 3247 542 3291 munus
558 3230 673 3291 habere
686 3245 797 3289 meum.

138 3310 182 3371 Tu
195 3314 298 3389 modo,
320 3330 409 3388 quem
422 3321 546 3390 poteras
562 3314 611 3374 vel
626 3318 730 3389 aperte
744 3317 828 3374 tutus
843 3323 955 3384 entare,

87 3399 123 3452 60
179 3393 212 3455 Si
226 3410 277 3456 res
292 3406 339 3458 est
354 3413 469 3474 anceps
485 3399 552 3474 ista,
575 3399 703 3479 latenter
717 3412 796 3474 ama,

466 3507 665 3518 ..n—---a-
