2318 3960
427 205 483 278 111,
507 205 685 269 lea-196.

129 352 303 418 memoras
322 359 415 434 solis,
432 358 544 433 quibus
559 359 589 417 in
607 376 663 418 sna
677 361 766 435 signa
779 359 901 432 rediret,

169 439 310 502 Traditur
322 442 439 504 exactis
456 443 652 518 disposuisse
667 445 757 505 notis.

129 524 161 583 Is
176 525 281 585 decies
296 541 390 586 senos
404 533 573 588 tercentum
587 535 617 586 et
632 528 767 603 quinque
783 527 891 588 diebus

171 609 286 684 lunxit,
303 617 333 669 et
347 626 364 670 e
379 611 471 685 pleno
485 620 625 685 tempora
640 619 748 686 quarta
763 613 822 673 die.

58 702 114 757 165
131 691 189 753 Hic
204 694 275 753 anni
289 696 401 754 modus
418 701 474 754 est.
503 695 534 755 in
550 696 678 755 lustrum
694 698 843 756 accedere
858 694 958 771 debet,

117 851 119 855 y
169 776 252 849 Quae
267 785 494 838 consummatur
508 778 660 854 partibus,
682 798 744 840 una
760 780 837 840 dies.

386 913 415 976 l.
440 916 479 975 D·
494 914 535 973 K·
549 915 649 973 MAR
663 915 714 973 dt>

131 1031 176 1092 ‘Si
191 1032 262 1092 licet
276 1033 412 1092 occultos
426 1033 558 1092 monitus
574 1032 681 1092 audire
697 1034 825 1093 deorum

169 1116 314 1190 Vatibus,
337 1123 370 1178 ut
385 1123 466 1175 certe
481 1116 561 1174 sarna
576 1116 668 1175 licere
687 1122 779 1192 putat,

130 1201 204 1261 Cum
219 1199 263 1260 sis
278 1199 404 1273 otflciis,
429 1199 575 1273 Gradive,
600 1199 736 1260 virilibus
753 1206 854 1275 aptae,

54 1291 110 1346 170
167 1285 223 1348 Dic
237 1283 325 1357 mihi,
348 1290 505 1345 matronae
520 1298 574 1343 cur
588 1289 640 1343 tua
655 1284 735 1343 festa
751 1285 875 1344 colant?

128 1365 180 1427 Sic
192 1383 260 1442 ego.
290 1367 336 1426 sic
351 1367 451 1442 posita
466 1366 542 1430 dixit
556 1367 628 1425 mihi
644 1368 770 1428 casside
783 1369 917 1443 Mavors,

172 1449 235 1511 Sed
252 1451 397 1510 tamenin
413 1450 521 1510 dextra
536 1451 661 1510 missilis
678 1452 767 1512 hasta
782 1451 851 1512 fuit:

128 1534 226 1594 ‘Nunc
240 1533 369 1610 primunr
383 1535 493 1595 studiis
508 1535 611 1610 pacis,
638 1536 715 1595 deus
730 1535 812 1596 utitis
828 1535 931 1608 arrniS,

168 1618 331 1692 Advocor,
354 1625 384 1679 et
397 1633 524 1693 gressus
539 1619 568 1677 in
585 1634 667 1678 nova
681 1627 783 1681 castra
797 1620 872 1679 fero.

56 1710 112 1765 175
127 1701 189 1762 Nec
205 1702 288 1777 piget
302 1701 425 1778 incepti.
455 1703 539 1762 iuvat
552 1703 609 1762 hac
625 1719 749 1777 quoque
763 1710 849 1780 parte
865 1705 985 1780 morari,
1067 1724 1071 1730 ·

168 1785 235 1846 Hoc
248 1786 346 1846 solarn
361 1802 450 1846 nese
464 1801 562 1861 posse
575 1786 713 1846 Minerva
728 1793 823 1863 putet.

127 1868 235 1943 Disce,
257 1869 434 1932 Latinorum
449 1876 536 1930 vates
551 1885 684 1945 operose
699 1871 827 1945 dierum,

169 1953 257 2027 Quod
272 1955 361 2030 petis,
384 1961 414 2013 et
427 1953 554 2014 memori
568 1959 693 2028 pectore
709 1953 790 2013 dicta
805 1961 887 2013 nota.

126 2036 224 2098 Parva
239 2038 308 2113 fuit,
325 2038 351 2098 si
364 2038 461 2113 prima
474 2038 551 2098 velis
567 2037 716 2096 elementa
730 2038 852 2112 reterre,

56 2131 110 2186 180
167 2123 274 2182 Roma.
304 2122 405 2183 sedin
421 2138 518 2198 parva
532 2137 606 2197 spes
621 2128 721 2180 tamen
736 2120 827 2181 huius
843 2130 918 2182 erat.

126 2205 248 2266 Moenia
262 2206 321 2267 ium
340 2207 475 2279 stabant,
500 2206 624 2281 populis
640 2210 770 2280 angusta
784 2204 901 2277 futuris,

168 2289 287 2351 Credita
302 2291 358 2350 sed
375 2290 481 2350 turbae
494 2297 566 2350 tunc
581 2289 672 2351 nimis
688 2291 790 2364 ampla
805 2305 892 2351 suae.

126 2372 209 2447 Quae
223 2375 314 2435 suerit
328 2375 439 2447 nostri,
463 2375 489 2434 si
506 2374 644 2450 quaeris,
666 2372 751 2447 regia
767 2375 838 2448 nati,

165 2458 281 2534 AspIce
296 2460 335 2519 de
350 2474 449 2519 canna
463 2458 724 2534 straminibusque
740 2457 873 2516 domum.

55 2551 110 2605 185
125 2541 158 2599 In
173 2542 286 2617 stipula
301 2541 414 2617 placidi
429 2543 576 2617 carpebat
590 2558 718 2602 munera
732 2542 840 2616 somni,

166 2625 204 2684 Et
217 2633 318 2685 tamen
333 2643 372 2686 ex
388 2626 439 2686 illo
455 2627 581 2686 venitin
597 2633 680 2686 astra
696 2633 773 2688 toro.

123 2707 249 2785 Iamque
263 2711 333 2770 loco
347 2711 446 2770 maius
461 2725 573 2769 nomen
587 2712 743 2770 Romanus
758 2711 904 2772 habebat:

165 2793 227 2852 Nec
243 2794 376 2855 coniunx
390 2793 447 2868 illi,
470 2809 527 2852 nec
541 2809 632 2854 socer
645 2795 725 2856 ullus
740 2803 815 2855 erat.

123 2875 315 2952 spernebant
329 2893 461 2953 generos
476 2876 585 2953 inopes
600 2877 712 2937 vicinia
727 2878 831 2939 dives:

55 2969 107 3022 190
160 2960 199 3020 Et
213 2963 292 3021 nrale
308 2961 457 3021 credebar
472 2961 629 3036 sangtdnis
645 2966 752 3022 auctor
767 2977 836 3036 ego.

124 3044 157 3102 In
173 3044 301 3106 stabulis
322 3045 479 3105 habitasse
501 3053 531 3105 et
546 3061 622 3105 oves
638 3044 765 3121 pavisse
780 3045 922 3122 nocebat,

163 3128 335 3204 Iugeraque
349 3129 453 3190 inculti
468 3145 568 3204 pauca
588 3135 691 3189 tenere
706 3129 774 3188 soli,

124 3211 198 3273 cum
212 3228 288 3288 pure
303 3228 446 3289 quaeque
461 3228 518 3273 suo
535 3220 646 3273 coeunt
658 3212 864 3288 volucresque
879 3212 1033 3290 feraeque,

162 3297 265 3371 Atque
280 3297 422 3373 aliquam,
443 3298 482 3357 de
498 3313 558 3372 qua
572 3302 727 3371 procreet,
750 3295 859 3371 anguis
874 3295 976 3362 habet.

58 3387 106 3442 195
119 3379 271 3442 Extremis
287 3382 397 3442 dantur
411 3380 542 3441 conubia
556 3379 706 3456 gentibus.
735 3387 766 3440 at
780 3394 859 3455 quae

164 3463 303 3524 Romano
319 3464 411 3525 vellet
424 3462 548 3540 nubere,
571 3464 655 3527 nulia
671 3463 734 3523 iuit.
