2318 3960
96 196 135 261 ⁷8
490 196 714 260 TRISTIUM

150 352 314 423 §Sufficib
330 359 421 426 atque
436 352 505 425 ipso
523 357 664 408 vexatum
680 346 811 408 induruit
824 365 893 409 usu.

219 438 267 496 An
282 436 379 510 magis
395 436 514 496 infirmo
530 448 591 492 non
605 439 696 492 vacat
709 446 781 492 esse
795 432 887 492 mihit

177 519 264 578 Mens
280 526 379 578 tamen
395 532 488 593 aegra
503 517 595 589 iacet,
611 530 668 575 nec
684 524 821 590 tempore
835 514 951 577 robora
966 525 1095 596 sumpott

219 600 421 677 Affectusque
436 600 527 663 animi
545 599 597 673 qui
611 599 668 659 tuit
682 605 767 670 ante,
786 606 898 659 manet.

178 686 323 761 Quaeque
336 701 423 745 mora
437 684 599 760 spatioque
614 697 671 742 suo
687 683 802 743 coitura
816 683 922 760 putavi

131 780 163 832 to
217 769 368 841 Vulnera,
384 784 445 829 non
461 768 560 839 aliter,
579 783 671 842 quam
686 765 778 826 modo
796 768 876 827 tacta
891 767 1011 829 dolent.
1128 841 1138 853 Δ

179 852 301 913 Scilicet
320 852 439 926 exiguis
454 850 582 929 prodest
597 865 716 910 annosa
730 857 878 911 vetustos.

220 934 392 996 Grandibus
407 935 559 997 accedunt
573 941 712 1009 tempore
727 934 839 993 damna
853 934 953 995 matis.

176 1019 276 1080 Paene
292 1019 399 1078 decem
413 1020 484 1081 totis
498 1017 572 1079 otuit
588 1017 751 1077 Poeantius
767 1018 854 1078 annis

218 1103 396 1163 Pestiferam
413 1103 528 1165 tumido
544 1104 652 1163 vuinus
668 1099 706 1160 ab
726 1117 825 1176 angue
839 1101 954 1163 datum.

128 1196 160 1249 15
176 1186 328 1262 Telephus
343 1192 468 1248 aeterna
482 1191 684 1261 consumptus
698 1183 769 1244 tabe
783 1184 926 1262 perisset,

219 1269 251 1329 Si
266 1286 327 1331 non
344 1287 424 1344 quae
438 1270 556 1343 nocuit,
574 1271 683 1329 dextra
696 1268 818 1330 tulisset
832 1284 934 1345 opem.

176 1354 213 1413 Et
227 1369 308 1425 meo,
325 1354 352 1414 si
366 1355 484 1415 tacinus
499 1355 612 1414 nullum
629 1351 851 1426 commisimus,
868 1359 953 1428 opto,

218 1438 354 1497 Vulnera
369 1440 420 1513 qui
438 1438 523 1512 tecit,
540 1440 621 1498 tacta
633 1438 737 1496 levare
751 1436 833 1496 vetit.

177 1521 405 1594 contentusque
419 1521 477 1581 mei
493 1522 553 1581 iam
566 1520 689 1580 tandem
703 1526 790 1595 parte
805 1519 923 1580 doloris

126 1613 161 1664 ro
215 1604 362 1678 Exiguum
383 1607 474 1679 pleno
490 1605 529 1665 de
543 1619 626 1665 mare
640 1603 742 1663 demut
753 1618 862 1679 aquae.

176 1687 320 1750 Detrahat
334 1694 368 1747 ut
382 1688 525 1762 multum,
541 1687 665 1748 multum
680 1686 808 1747 restabit
821 1685 933 1760 acerbi,

217 1769 357 1845 Parsque
371 1786 458 1830 meae
473 1787 593 1848 poenae
608 1770 701 1832 totius
722 1769 818 1831 instar
832 1771 898 1830 erit
1135 1744 1138 1839 i

176 1854 278 1914 Litora
296 1861 371 1928 quot
385 1855 535 1927 conchas,
555 1863 630 1930 quot
644 1868 773 1915 amoena
786 1855 907 1915 rosario
922 1852 1030 1931 flores,

220 1937 337 2011 Quotve
352 1940 558 2015 soporiferum
571 1954 668 2013 grana
682 1953 819 2013 papaver
833 1937 934 2010 habet,

127 2028 160 2080 25
176 2020 260 2081 Silva
274 2023 355 2082 seros
371 2028 445 2097 quot
460 2023 525 2095 alit,
544 2029 618 2097 quot
632 2021 770 2096 piscibus
786 2021 869 2080 unda
884 2027 1016 2096 notatur,

219 2103 298 2178 Quot
312 2112 447 2165 tenerum
463 2105 572 2181 pennis
587 2107 661 2165 aera
673 2106 777 2179 pulsat
791 2105 868 2176 avis,

174 2190 231 2248 Tot
245 2203 366 2262 premor
380 2189 531 2250 adversis.
570 2204 649 2264 quae
664 2189 692 2248 si
706 2187 928 2265 comprendere
942 2203 1049 2264 coner,

217 2271 334 2330 Icariae
352 2286 512 2332 numerum
527 2271 629 2332 dicere
644 2287 738 2332 coner
753 2287 862 2348 aquae.

174 2355 274 2429 thue
288 2353 357 2416 viae
370 2369 475 2428 casus,
491 2362 524 2416 ut
539 2372 643 2416 amara
661 2356 798 2431 pericula
812 2355 908 2431 ponti,

126 2444 161 2498 30
216 2437 256 2498 Ut
270 2445 387 2499 taceam
403 2439 525 2501 strictos
542 2439 573 2498 in
587 2455 657 2500 mea
672 2440 734 2499 tota
748 2455 872 2500 manus=

174 2519 309 2580 Barbara
323 2536 371 2581 me
386 2514 475 2583 tellus
491 2522 637 2597 orbisque
651 2524 821 2584 novissima
835 2522 937 2597 magni

217 2602 369 2678 Sustinet,
385 2612 416 2666 et
429 2622 523 2668 saevo
540 2606 655 2666 cinctus
672 2606 709 2665 ab
726 2607 816 2667 hoste
831 2607 928 2667 locus.

172 2687 704 2764 Hincegotraicerer,...nequeenim
712 2691 1101 2765 meaculpacruentaest...

215 2771 320 2846 Esset,
338 2789 418 2846 quae
433 2773 539 2847 debet,
556 2774 583 2832 si
598 2772 651 2833 ubi
666 2790 740 2834 cura
754 2774 822 2835 mei.

124 2862 158 2916 35
173 2854 226 2914 lile
241 2855 333 2929 daus,
349 2856 428 2916 benc
447 2873 509 2931 quo
523 2858 662 2918 Romana
675 2858 811 2933 potentia
822 2858 894 2917 nixa
909 2862 966 2931 est,

217 2937 317 3013 Saepe
332 2956 390 3001 suo
407 2940 505 3002 victor
521 2940 599 3000 lenis
617 2941 648 3000 in
661 2940 751 3002 hoste
767 2941 831 3002 fuit

175 3021 251 3095 oum
267 3021 388 3083 dubitas
404 3031 434 3084 et
444 3031 507 3085 tuta
522 3024 630 3084 timest
665 3025 779 3086 accede
793 3039 947 3099 rogoque=

216 3105 346 3171 Caesare
361 3107 402 3166 nit
416 3108 524 3182 ingens
538 3107 640 3169 mitius
657 3108 739 3169 orbis
755 3108 856 3168 habet.
972 3108 1083 3186 [quum

172 3187 221 3247 Me
238 3188 398 3251 miserum!
427 3193 500 3266 quid
518 3207 622 3266 agam,
648 3191 675 3252 si
693 3192 832 3267 proxima
850 3206 994 3267 quaeque
1010 3192 1102 3253 rolin·

124 3281 158 3332 to
214 3271 374 3335 Subtrahis
389 3273 515 3336 effracto
529 3283 562 3336 tu
578 3291 702 3350 quoque
717 3276 795 3336 colta
809 3277 903 3350 iugot

175 3355 240 3428 Quo
255 3357 356 3417 ferort
378 3359 459 3418 unde
474 3366 575 3433 petam
590 3359 687 3435 lapsis
702 3359 820 3420 solacia
834 3358 950 3419 rebus!

215 3441 337 3500 Ancora
352 3439 411 3500 iam
426 3448 561 3503 nostram
575 3457 636 3504 non
651 3448 733 3503 tenet
747 3444 808 3503 utta
822 3448 927 3503 ratem.
