2318 3960
99 214 162 276 dli
468 204 725 267 FASIORH

225 362 412 423 Abstulerirt
425 361 542 419 celeres
555 356 697 433 improba
710 356 794 416 dicta
809 354 887 417 uoti.

185 448 220 506 Et
234 456 358 522 pateant
370 443 512 502 veniente
526 443 577 501 die
591 441 726 517 periuria
738 438 840 511 uobis,

223 531 286 591 lieo
300 536 407 589 curent
421 527 526 601 superi
540 528 632 600 siqua
644 525 767 584 loeutus
781 538 848 584 ero.

184 616 228 673 lra
241 614 334 673 modo
350 612 433 669 luera
452 610 540 669 mihi.
557 609 600 667 du
613 610 695 667 laeto
709 605 825 681 gaudia
836 606 939 679 tuero,

119 707 171 760 69⁰
227 698 264 756 Et
278 700 362 767 lure,
375 702 409 754 ut
423 695 553 768 emptori
567 692 663 751 verbu
677 690 805 751 dedisse
823 690 934 751 iuret!

181 781 264 838 Talia
278 778 446 838 llereurius
460 784 627 851 poscentes
640 775 721 833 ridet
733 774 774 833 ab
787 774 861 849 alto,

225 863 266 922 Se
281 878 398 921 memor
411 860 556 938 Ortygias
571 859 761 934 surripuisse
780 857 893 918 hores.

543 993 595 1054 20.
615 992 672 1052 DC

183 1121 222 1174 At
237 1115 308 1174 mihi
324 1114 441 1189 pande,
458 1129 583 1188 precor,
603 1118 687 1172 tanto
702 1111 830 1170 meliora
843 1108 971 1185 pelenti,

223 1199 256 1256 ln
272 1198 416 1258 Geminos
431 1212 472 1256 ex
488 1213 550 1272 quo
565 1206 704 1270 tempore
720 1193 865 1255 Phoebus
879 1198 941 1253 eat

118 1291 170 1344 695
184 1282 271 1341 ‘Cum
284 1282 410 1341 totidem
425 1281 464 1340 de
478 1296 585 1340 mense
599 1279 668 1338 dies
682 1292 850 1353 superesse
862 1274 995 1351 ridebis,

225 1365 305 1437 Quot
317 1373 388 1423 sunt
401 1365 543 1424 Herculei
562 1365 645 1422 laeta
658 1361 787 1422 laboris’
801 1361 852 1420 ait

182 1448 262 1506 ‘Pie'
278 1464 336 1523 ego
351 1448 499 1522 respondi
513 1453 653 1507 ‘eausam
667 1445 740 1504 mihi
754 1443 866 1504 sideris
880 1443 1000 1506 huius?

226 1531 357 1591 Causam
372 1531 505 1591 larundo
520 1530 654 1589 reddidit
669 1544 724 1590 ore
739 1529 835 1587 deus:

182 1613 393 1674 ‘Abstulerant
407 1621 512 1688 raptas
526 1612 669 1674 Phoeben
682 1609 887 1686 Phoebesque
900 1626 1044 1673 sororem

118 1702 171 1761 lot)
227 1697 422 1772 Tyndaridae
437 1698 563 1770 tratres,
580 1696 630 1754 hie
650 1711 764 1771 eques,
780 1695 831 1753 ille
845 1695 943 1770 pugil.

183 1781 268 1840 Bella
282 1789 403 1855 parunt,
418 1786 621 1856 repetuntque
636 1796 712 1840 suas
726 1787 757 1839 et
770 1779 864 1838 irater
876 1786 909 1839 et
925 1778 1007 1851 ldas,

224 1864 381 1939 Leucippo
397 1865 462 1924 lieri
479 1870 587 1939 paetus
601 1872 731 1939 uterque
746 1878 851 1938 gener.

184 1948 237 2006 llis
253 1963 352 2023 amor,
371 1955 406 2009 ut
420 1956 574 2024 repetant,
591 1949 665 2019 illis,
682 1955 715 2008 ut
729 1947 863 2008 reddere
875 1947 984 2021 nolint,

226 2029 350 2091 Suadet.
380 2039 409 2091 et
423 2048 462 2091 ex
477 2047 573 2092 eausa
587 2038 702 2106 pugnat
715 2038 845 2105 uterque
859 2032 937 2106 pari.

120 2119 170 2174 too
185 2112 327 2187 Effugere
340 2113 507 2174 Oebalidae
521 2131 614 2176 eursu
628 2122 757 2190 potuere
769 2120 952 2189 sequentem

226 2195 289 2255 Sed
304 2197 405 2258 risum
422 2199 513 2258 celeri
529 2199 653 2258 vineere
666 2207 755 2274 turpe
769 2199 853 2274 luga.

183 2278 274 2336 Liber
287 2279 325 2337 ab
340 2281 502 2341 arboribus
517 2283 604 2342 loeus
619 2291 682 2354 est,
703 2289 776 2357 apta
790 2297 864 2342 areo
878 2296 1018 2359 pugnae:

227 2361 428 2422 Constiterant
448 2364 517 2423 illie.
552 2381 664 2426 nomen
679 2366 826 2441 Aphidna
838 2365 919 2427 loeo.

185 2443 311 2503 Pectora
324 2444 467 2507 traiectus
482 2447 608 2525 Lynceo
624 2449 732 2510 Castor
747 2449 785 2511 ah
801 2465 878 2510 ense

119 2533 170 2588 lio
224 2526 290 2587 Non
306 2537 466 2604 expectato
482 2533 608 2592 uolnere
625 2534 739 2608 pressit
752 2533 888 2594 humum.

183 2610 269 2670 Ultor
286 2611 375 2672 adest
387 2612 509 2690 Pollux,
524 2622 555 2674 et
567 2615 693 2691 Lyncea
707 2618 844 2692 perlorot
857 2616 950 2678 hesta

226 2694 290 2766 Qua
306 2696 410 2755 cervix
424 2696 569 2759 humeros
585 2701 760 2761 continuata
775 2700 895 2777 premit.
971 2732 974 2737 ·

183 2777 247 2835 lhat
261 2777 291 2835 in
306 2778 386 2838 hune
400 2780 487 2854 ldas,
502 2782 618 2857 vixque
633 2792 681 2843 est
693 2784 777 2844 Iovis
792 2783 864 2859 igne
876 2784 1037 2859 repulsust

223 2859 294 2918 Tela
310 2869 407 2922 tamen
424 2864 550 2925 dextrae
565 2867 691 2927 fulmine
708 2874 797 2942 rapta
811 2873 934 2942 negant

119 2947 168 3002 lto
184 2943 307 3016 lamque
322 2945 390 3018 tibi,
404 2947 526 3021 Pollux,
543 2951 660 3011 eaelum
675 2949 805 3010 sublime
820 2949 954 3026 patebat,

224 3024 296 3084 Cum
311 3028 430 3088 “Meu”
445 3030 548 3091 dixisti
563 3034 713 3108 “percipe
728 3033 838 3107 verba,
859 3040 965 3109 patert

182 3107 267 3179 Quod
282 3111 353 3170 milri
370 3113 426 3173 das
442 3115 494 3173 uni
511 3117 643 3190 eaelum,
659 3118 773 3192 partire
789 3115 927 3177 duobus=

223 3191 387 3254 Dimidium
402 3202 465 3258 toto
482 3214 607 3260 munere
622 3201 720 3261 maius
736 3201 829 3261 erit.’'

181 3271 276 3348 Dixit,
292 3285 321 3336 et
335 3280 450 3339 alterna
464 3281 586 3341 tratrem
601 3284 732 3344 statione
747 3283 886 3345 redemit.

119 3358 169 3416 llo
222 3355 301 3418 itttte
317 3363 463 3423 sollicitae
477 3364 565 3425 sidus
580 3373 741 3444 utrumque
757 3369 837 3428 rati?
