2318 3960
99 185 160 250 ills
479 187 734 250 FASTORUM

181 337 222 398 At
237 344 268 399 tu
282 347 417 400 materno
434 341 557 402 donasti
571 340 693 401 nornine
708 355 854 415 mensem,

224 423 368 486 Inventor
380 439 508 500 curvae,
524 424 641 487 turibus
655 431 734 503 apte,
751 423 833 492 fidis.

116 512 167 566 105
181 505 244 565 Nec
258 506 358 581 pietas
372 507 450 573 haec
466 509 564 584 prima
578 517 629 569 tua
644 514 700 569 est.
730 515 860 583 septena
874 507 1001 587 putaris

221 589 380 652 Pleiadum
393 608 561 668 numerum,
583 593 636 653 fila
650 589 776 657 dedisse
795 592 905 670 lurae?

180 672 264 732 Haec
280 691 403 751 quoqne
418 675 560 747 desierat.
590 676 715 745 laudata
729 681 777 749 est
790 690 869 749 voce
883 689 1036 740 sororum·

222 755 299 830 Quid
315 759 446 826 lacianrt
466 759 573 829 turbae
588 776 661 836 pars
675 757 768 830 habet
783 757 881 820 omnis
895 758 988 819 idern.

181 839 284 900 Gratia
296 841 449 909 Pieridum
463 842 552 906 nobis
568 843 735 919 aequaliter
748 843 833 917 assit,

115 932 167 985 110
219 923 368 1001 Nullaque
382 927 523 997 laudetur
536 929 647 1007 plusve
661 927 802 992 minusve
816 923 899 987 mihi.

388 1057 824 1140 1.[A·lt·nln1·rt>nvn1]

179 1178 208 1237 A
222 1177 295 1238 ‘love
310 1181 415 1251 surgat
429 1191 518 1252 opus.
546 1175 646 1247 Prima
660 1174 733 1247 mihi
747 1182 838 1238 nocte
853 1175 989 1239 videnda

218 1259 313 1322 Stella
326 1267 374 1321 est
388 1259 419 1318 in
435 1274 530 1332 cunas
546 1260 688 1329 officiosa
700 1259 795 1320 lovis.

178 1344 319 1406 Nascitur
333 1342 458 1405 Oleniae
473 1346 594 1419 signum
606 1344 742 1440 pluviale
757 1342 915 1420 capellae:

220 1429 275 1488 llla
289 1428 352 1488 dati
367 1429 484 1497 caelum
498 1443 635 1509 praenua
648 1428 737 1496 lactis
751 1426 853 1497 habet
942 1435 946 1441 ’

114 1516 164 1572 115
179 1512 252 1572 Nais
265 1510 441 1587 Amalthea,
463 1511 589 1584 Cretaea
602 1511 713 1585 nobilis
727 1511 792 1586 Ida,

220 1597 336 1657 Dicitur
348 1597 379 1655 in
393 1594 480 1657 silvis
496 1596 671 1667 occuluisse
685 1597 800 1658 lovem.

176 1679 255 1740 Huic
270 1680 324 1740 luit
336 1678 505 1740 haedorum
519 1686 615 1748 meter
628 1681 765 1742 lormosa
779 1680 918 1755 duorum,

215 1763 296 1824 Inter
308 1763 452 1826 Dictaeos
467 1763 688 1839 conspicienda
701 1779 820 1841 greges,

180 1847 328 1908 Cornibus
344 1846 435 1908 aeriis
450 1855 542 1924 atque
556 1847 587 1913 ia
602 1865 660 1911 sua
677 1857 763 1924 terga
776 1847 922 1921 recurvis,

111 1937 162 1992 110
215 1931 332 2005 Ubere,
356 1931 440 2007 quod
455 1932 555 2005 nutrix
571 1940 680 2009 posset
693 1928 808 1994 habere
821 1931 915 1992 Iovis.

177 2014 238 2074 Lac
253 2015 346 2076 dabat
358 2016 410 2076 illa
425 2016 495 2076 deo.
523 2017 580 2083 sed
595 2016 685 2091 tregit
698 2016 729 2076 in
744 2016 856 2076 arbore
869 2030 976 2090 cornu,

216 2099 396 2176 Truncaque
414 2099 540 2163 dimidia
553 2108 639 2176 parte
653 2100 775 2161 decoris
790 2106 864 2162 erat

179 2181 306 2244 Sustulit
319 2184 379 2244 hoc
392 2183 537 2263 aviculae,
553 2184 709 2260 cinxitque
722 2184 896 2249 recentibus
911 2182 1025 2261 herbis,

217 2266 255 2327 Et
271 2269 398 2342 plenum
407 2268 508 2344 pomis
524 2268 564 2339 ad
576 2268 659 2329 Iovis
675 2284 730 2330 ora
744 2267 820 2335 tulit
893 2346 896 2350 Δ

114 2358 160 2412 115
175 2350 230 2409 Ille
243 2351 295 2412 ubi
311 2366 362 2410 res
378 2352 455 2415 caeli
469 2352 577 2426 tenuit,
601 2353 743 2431 solioque
757 2358 885 2428 paterno

220 2432 320 2506 Sedit,
343 2443 373 2495 et
387 2435 498 2497 invicto
514 2434 556 2499 nil
569 2436 644 2496 love
657 2436 756 2510 mainus
771 2443 843 2513 aral,

178 2517 287 2578 Sidera
302 2519 463 2593 nutricem,
480 2519 606 2589 nutricis
622 2520 719 2588 fertile
734 2535 829 2581 cornu

217 2601 309 2664 Fecit.
339 2603 423 2679 quod
439 2603 580 2669 dominae
592 2620 674 2673 nunc
692 2619 816 2684 quoque
830 2619 942 2667 nornen
956 2603 1058 2665 habel.

176 2686 373 2748 Praestitibus
387 2687 486 2747 Maiae
499 2687 630 2751 Laribus
646 2688 750 2753 videre
764 2686 922 2751 Kalendae

115 2777 163 2832 130
216 2775 312 2830 Aram
326 2771 468 2833 constitui
482 2788 643 2848 parvaque
657 2772 746 2853 signa
759 2771 860 2831 deum.

177 2854 314 2916 voverat
327 2855 379 2916 illa
394 2854 518 2930 quidem
529 2854 649 2918 eunus.
678 2855 735 2916 sed
750 2855 842 2931 longa
856 2861 994 2931 vetustas

217 2937 359 3014 Destruit,
381 2945 411 2999 et
424 2954 501 3001 saxo
516 2939 608 3014 longa
622 2946 748 3007 senecta
762 2945 861 3002 nocet.

178 3021 278 3082 Causa
291 3030 390 3083 tamen
404 3023 498 3099 positi
513 3024 610 3084 luerat
625 3022 815 3098 cognominis
830 3021 899 3101 illis,

217 3105 306 3179 Quod
320 3113 476 3182 praestant
490 3107 587 3168 oculis
602 3105 704 3167 omnia
717 3112 782 3181 tuta
795 3106 871 3178 suis.

112 3195 159 3250 135
175 3187 262 3250 Stant
276 3206 401 3266 quoque
414 3206 472 3266 pro
487 3190 591 3265 nobis,
611 3198 641 3252 et
655 3195 802 3267 praesunt
816 3190 979 3261 moenibus
994 3188 1097 3262 Urbis,

217 3272 255 3332 tlt
270 3281 340 3334 sunt
353 3281 533 3350 praesentes
547 3275 756 3350 auxiliumque
768 3275 880 3345 ierunt.

180 3357 219 3416 At
232 3357 317 3418 canis
332 3365 402 3419 ante
417 3359 528 3434 pedes,
545 3373 622 3426 saxo
637 3357 803 3423 fabricatus
819 3357 937 3437 eoderu,

219 3437 332 3502 Stabat
363 3457 443 3518 quae
456 3442 558 3503 standi
572 3457 642 3503 cum
654 3442 733 3503 Lare
748 3456 844 3505 cama
856 3441 934 3505 luitr
