2318 3960
378 225 416 301 V,
441 222 492 301 13,
517 222 652 302 10-14,
669 227 725 290 46.

122 377 264 454 Perpetui
279 378 409 438 fructum
425 378 538 438 donavi
549 379 697 442 nominis.
719 380 822 457 idque,

162 463 227 537 Quo
243 461 317 522 dare
333 462 374 520 nil
389 461 474 538 potui
487 478 613 523 munere
627 464 734 540 maius,
756 466 864 527 habes.

76 559 113 611 15
124 547 217 607 Adde
232 546 325 622 quod,
346 555 379 605 ut
392 561 495 606 rerum
509 547 620 608 soiiers
636 549 729 609 tutela
742 565 878 610 mearum

160 631 212 690 nd
226 635 263 704 te,
288 644 348 688 non
364 629 452 705 parvi
467 631 551 690 venit
563 631 691 692 honoris
707 648 795 706 onus,

121 713 211 789 Quod
226 729 392 787 numquam
408 728 471 775 vox
484 715 587 780 estde
600 720 632 776 te
646 731 716 776 ntea
729 723 821 792 muta,
846 719 947 794 tuique

162 797 286 859 Iudiciis
302 795 398 858 debes
414 813 484 858 esse
498 797 635 871 superba
649 799 716 858 viri.

121 881 260 957 Quaene
276 881 345 958 quis
360 882 461 957 possit
474 883 636 943 temeraria
651 883 762 958 dicere,
786 893 899 962 persta,

74 977 113 1032 ao
164 966 202 1026 Et
216 964 331 1041 pariter
344 981 436 1026 serva
449 980 561 1042 meque
575 967 721 1042 piamque
735 967 838 1028 fidem.

118 1049 196 1110 Nam
210 1055 271 1123 tua,
296 1049 368 1110 dum
383 1049 532 1124 stetimus,
555 1051 634 1126 turpi
650 1052 718 1111 sinc
732 1052 857 1113 crimine
871 1053 989 1129 mansit,

158 1135 196 1193 Et
209 1140 326 1195 unium
341 1132 479 1210 probitas
495 1135 715 1210 inreprehensa
729 1135 793 1195 fuit.

118 1223 202 1278 Aren
216 1218 256 1278 da
270 1223 375 1278 nostra
389 1233 471 1279 nunc
485 1218 600 1279 esttibi
615 1219 696 1279 iacta
708 1219 812 1279 ruina=

162 1301 368 1377 conspicuum
382 1303 479 1363 virtus
494 1302 546 1362 hic
559 1309 611 1362 tua
625 1308 722 1378 ponat
735 1309 831 1378 opus!

71 1398 110 1450 25
121 1384 320 1446 Essebonam
328 1386 418 1446 facile
429 1394 485 1462 est,
496 1386 549 1447 ubi
558 1387 641 1461 quod
654 1393 735 1446 vetet
746 1402 827 1456 esse,
838 1393 987 1448 remotum
999 1395 1052 1462 est,

160 1469 197 1530 Et
210 1469 284 1529 nihii
296 1469 400 1530 officio
416 1477 512 1546 nupta
525 1471 613 1545 quod
624 1470 724 1531 obstet
737 1469 838 1530 habet.

119 1554 195 1614 Cum
209 1553 286 1614 deus
302 1553 439 1630 intonuit,
461 1570 524 1614 non
539 1570 574 1614 se
589 1555 764 1616 subducere
778 1553 891 1630 nimbo,

160 1638 195 1699 Id
211 1637 333 1698 demum
349 1638 459 1713 pietas,
484 1638 517 1699 id
532 1638 658 1700 socialis
675 1655 769 1701 amor.
808 1666 810 1670 ·

118 1723 200 1781 Rara
214 1721 338 1796 quidem
352 1721 458 1794 virtus,
481 1739 572 1798 quam
586 1739 648 1782 non
662 1723 796 1784 Fortuna
810 1721 966 1798 gubernet,

71 1818 111 1872 so
165 1806 249 1880 Quae
263 1812 384 1866 maneat
398 1804 499 1866 stabili
514 1822 582 1867 corn
597 1807 674 1882 fugit
688 1807 739 1867 illa
755 1807 845 1882 pede.

118 1889 215 1964 Siqua
228 1895 329 1950 umen
344 1890 433 1966 pretii
448 1889 507 1950 sibi
521 1906 640 1951 merces
656 1891 725 1967 ipsa
739 1890 834 1966 petiti,

158 1975 255 2050 Inque
270 1989 378 2049 parum
394 1974 481 2035 laetis
496 1975 592 2036 ardua
606 1973 699 2035 rebus
715 1975 813 2049 adest,
885 1989 889 1993 ·

116 2058 157 2118 Ut
170 2065 290 2134 tempus
305 2074 457 2132 numeres,
480 2075 537 2134 per
552 2060 676 2119 saecula
691 2058 773 2119 nulla
787 2064 911 2130 tacetur,

159 2142 197 2201 Et
209 2143 279 2203 loon
292 2142 438 2203 mirantur
452 2158 514 2218 qua
526 2149 609 2219 patet
623 2141 706 2204 orbis
721 2141 785 2203 iter.

71 2236 109 2289 35
119 2225 254 2301 Aspicis,
276 2232 310 2286 ut
323 2227 416 2301 longo
431 2233 533 2287 teneat
548 2226 712 2287 laudabilis
728 2241 805 2285 aevo

159 2309 276 2370 Nomen
290 2309 488 2371 inextinctum
501 2309 676 2386 Penelopea
689 2310 790 2370 fidest

118 2393 233 2465 Cernis,
256 2400 289 2453 ut
301 2394 424 2454 Admeti
439 2401 576 2455 cantetur
590 2402 621 2454 et
634 2393 775 2453 Hectoris
790 2408 878 2466 uxor,

160 2478 310 2553 Ansaque
324 2478 355 2537 in
370 2494 521 2539 accensos
537 2478 641 2552 Iphias
657 2477 701 2537 ire
715 2484 831 2551 rogos?

118 2561 157 2622 Ut
170 2561 255 2621 vivat
269 2562 349 2622 iama
364 2562 497 2622 coniunx
511 2561 686 2639 Phylaceia,
711 2561 799 2620 cuius

71 2655 109 2710 40
163 2646 285 2705 Iliacam
301 2646 392 2705 celeri
409 2646 457 2705 vir
470 2646 551 2721 pede
566 2645 680 2720 pressit
692 2643 839 2702 humum?

115 2729 215 2788 Morte
229 2729 303 2788 nihil
318 2727 397 2804 opus
414 2736 462 2789 est
474 2745 531 2805 pro
547 2743 604 2803 nne,
628 2727 685 2788 sed
700 2741 805 2786 amore
819 2725 957 2800 fideque:

159 2813 227 2872 Non
242 2828 281 2872 ex
295 2813 411 2873 difficili
426 2814 507 2872 sama
521 2812 655 2888 petenda
668 2811 722 2872 tibi
737 2816 794 2869 est.

116 2897 225 2957 Necte
240 2896 417 2968 credideris,
445 2897 591 2968 quianon
607 2895 692 2970 iacis,
715 2895 776 2954 ista
788 2891 915 2951 moneri.

159 2981 238 3041 Veia
253 2980 370 3052 damus,
395 2982 534 3055 quamvis
548 2979 663 3054 remige
677 2977 790 3054 puppis
806 2981 863 3034 cai.
947 3036 949 3039 .

71 3074 108 3126 45
121 3063 178 3138 Qui
193 3071 304 3140 monet,
326 3063 478 3137 atracias,
501 3065 586 3141 quod
602 3063 661 3122 iam
677 3063 763 3135 iacis,
785 3059 836 3119 ille
850 3050 1002 3119 monendo

162 3148 280 3211 Laudat
294 3155 325 3209 et
337 3146 460 3211 honaiu
474 3146 654 3226 comprobat
670 3151 738 3208 acta
752 3158 818 3207 suo.

443 3324 639 3333 >nv-m..-
