2318 3960
99 236 163 302 250
482 236 505 294 F
511 233 735 296 Asrclttlltt

184 386 225 452 Ut
239 397 329 466 puto,
345 387 522 465 praeposita
536 394 583 447 est
597 388 704 453 fuscae
718 384 791 445 mihi
806 381 938 443 candida
952 385 1056 463 pelex.

227 473 357 534 Eveniat
369 472 482 534 nostris
501 470 640 531 hostibus
656 471 706 530 ille
722 468 822 531 color!

120 567 172 621 4115
188 557 266 632 Quid
279 565 380 618 tamen
394 555 454 616 hoc
468 555 583 614 referit
610 554 684 614 vitio
698 553 752 615 tibi
766 549 882 628 gratior
895 548 966 633 ipso
983 559 1041 613 est.

226 642 304 715 Quid
320 641 419 700 lacisl
449 639 609 714 amplexus
624 638 763 714 inquinat
775 635 828 696 illa
841 641 922 696 tuos.

184 724 320 796 Bacche,
338 724 431 783 iidem
445 728 584 798 praesta,
598 738 656 782 nec
672 722 793 797 praeler
807 717 962 786 amoribus
976 719 1067 780 ullam

226 808 380 882 Coniugis.
409 806 538 866 adsuevi
553 821 676 882 semper
690 819 792 865 amare
811 803 920 864 virum.

188 893 340 967 ceperunt
353 897 480 950 matrem
494 890 622 950 formosi
638 905 753 950 cornua
765 887 853 963 tauri,

120 981 173 1033 500
226 976 276 1035 1115
291 983 351 1035 tua.
381 974 474 1035 ethic
488 974 598 1048 laedit,
614 973 665 1033 ille
678 972 848 1051 pudendus
860 986 956 1031 amor.

183 1060 227 1120 Ne
240 1065 358 1132 noceat,
372 1059 455 1134 quod
465 1072 544 1118 amo.
557 1057 744 1133 nequeenim
756 1054 819 1131 tibi,
830 1054 962 1134 Bacche,
975 1055 1067 1117 55551

224 1143 312 1217 Quod
327 1142 466 1202 1151111555
481 1141 570 1202 nobis
586 1142 689 1203 lassus
704 1157 738 1201 es
753 1141 822 1217 ipse
836 1145 915 1200 tuas.

183 1227 260 1301 Nec,
278 1228 360 1303 quod
377 1242 435 1286 nos
450 1226 531 1302 uris,
546 1225 654 1284 mirum
668 1225 755 1285 lacis.
784 1231 870 1285 crtus
884 1223 1001 1301 migne

225 1311 358 1384 11155115,
373 1319 403 1370 51
420 1311 519 1386 patria
532 1316 637 1384 raptus
653 1308 691 1368 ab
707 1308 778 1385 igne
792 1323 894 1368 manu.

118 1405 170 1457 5115
184 1395 239 1454 1115
253 1409 311 1469 ego
327 1410 410 1467 sum,
425 1394 474 1453 cui
488 1400 521 1454 tu
535 1393 644 1455 solitus
660 1392 836 1469 promittere
850 1393 979 1453 caelum.

224 1478 261 1537 Ei
274 1477 362 1552 mihi,
377 1492 434 1553 pro
450 1479 536 1537 caelo
553 1477 655 1553 qualia
669 1477 752 1537 dona
767 1477 831 1536 lero
840 1481 861 1533 t’

182 1562 316 1622 Dixerat.
346 1559 471 1622 audibat
485 1560 663 1621 iamdudum
678 1561 772 1621 verba
789 1559 945 1635 querentis

225 1644 329 1717 Liber,
345 1651 376 1704 ut
390 1661 409 1703 a
423 1652 508 1719 tergo
525 1645 603 1706 lorte
616 1652 741 1705 secutus
757 1650 829 1703 erat.

129 1769 133 1777 =
185 1729 321 1803 Occupat
334 1727 491 1803 amplexu,
507 1728 711 1804 lacrimasque
726 1742 782 1804 per
796 1728 904 1789 oscula
918 1727 1022 1804 siccat,

118 1818 171 1871 515
226 1813 263 1872 Ε1
276 1811 403 1872 ‘Pariter
417 1811 493 1870 caeli
508 1827 626 1872 summa
643 1815 794 1888 petamus’
809 1811 860 1871 ait.

183 1899 241 1958 ‘Tu
258 1895 329 1955 milri
344 1896 446 1956 iuncta
460 1903 527 1955 tero
543 1895 616 1955 milri
631 1895 733 1956 iuncta
746 1892 896 1955 vocabula
912 1910 1028 1956 sumes=

221 1980 297 2039 Nam
310 1978 364 2039 tibi
380 1987 512 2040 mutatae
526 1979 637 2039 Libera
650 1995 761 2039 nomen
777 1978 841 2040 erit.

183 2065 311 2138 sintque
325 2071 395 2123 tuae
410 2071 509 2124 tecum
526 2063 635 2122 faciam
651 2062 837 2123 monimenta
851 2077 995 2138 coronae,

223 2149 381 2208 Volcanus
394 2146 509 2207 Veneri
525 2163 616 2221 quam
631 2147 730 2220 dedit,
745 2147 797 2206 illa
810 2145 888 2206 tibi!

117 2244 170 2295 515
185 2233 271 2293 Dicta
285 2231 371 2304 lacit,
387 2244 588 2305 gemmasque
602 2246 713 2290 novem
727 2229 923 2291 transformat
937 2230 968 2288 iu
986 2230 1067 2305 ignes

227 2318 329 2373 Aurea
345 2328 401 2389 per
415 2314 519 2373 stellas
534 2329 615 2372 nunc
628 2313 719 2373 micat
733 2313 784 2373 illa
800 2329 920 2375 novem.

315 2447 345 2508 5.
367 2446 418 2507 cr
459 2445 489 2509 a.
511 2447 566 2508 nc
605 2447 656 2510 10.
678 2447 732 2508 ac
775 2424 899 2511 1115

290 2528 341 2593 ta.
364 2529 418 2589 cc
462 2529 638 2594 1511511
677 2529 728 2595 11.
749 2528 918 2605 arum

183 2647 247 2708 Sex
260 2647 312 2708 ubi
327 2649 498 2723 sustulerit,
513 2647 639 2708 totidem
656 2649 834 2708 demerserit
848 2648 950 2724 orbes,

226 2732 414 2807 Purpureum
428 2732 538 2808 rapido
554 2733 606 2807 qul
623 2732 706 2791 vehit
721 2747 780 2792 axe
795 2731 884 2805 diem,

183 2816 288 2875 Altera
301 2817 459 2890 gramineo
475 2815 632 2891 spectabis
648 2815 774 2890 Equiria
789 2831 908 2891 campo,

119 2909 171 2962 520
226 2899 322 2973 Quem
335 2899 453 2960 Tiberis
470 2899 572 2960 curvis
587 2901 616 2957 in
634 2900 714 2960 latus
728 2906 815 2974 urget
829 2900 928 2975 aquis.

181 2983 236 3056 Qui
250 2990 351 3043 tamen
366 2983 464 3043 eiecta
478 2983 504 3042 si
522 2984 599 3043 sorte
613 2983 764 3043 tenebitur
777 2983 869 3056 unda,

220 3066 339 3126 Caelius
354 3066 485 3142 accipiat
499 3067 727 3141 pulverulentus
745 3082 854 3142 equos.

484 3199 743 3263 1555155)

184 3318 290 3379 Idibus
306 3324 354 3379 est
365 3318 475 3379 Annae
490 3320 602 3381 festum
616 3319 735 3395 geniale
749 3317 914 3395 Perennae,

226 3401 316 3461 Haud
332 3403 439 3476 procul
454 3403 575 3480 eripis,
591 3404 712 3464 advena
725 3401 853 3480 Thybri,
869 3402 939 3463 tuis.

119 3495 171 3548 ⁶25
185 3485 274 3546 Plebs
291 3485 386 3562 venit,
401 3501 438 3546 ac
452 3486 566 3547 virides
579 3487 697 3564 passim
713 3486 840 3547 disiecta
855 3501 911 3562 per
925 3483 1036 3546 herbas
