2318 3960
296 964 496 1049 inisduni
518 965 642 1046 niano
663 963 827 1048 inludo.

71 1237 97 1332 i.
114 1233 234 1342 Parve,
251 1282 308 1330 neo
322 1267 462 1341 invideo,
479 1268 546 1327 sine
560 1283 625 1342 me,
640 1267 731 1342 iiber,
748 1266 806 1327 rans
822 1266 851 1326 nn
869 1267 989 1330 oriem.

157 1352 192 1411 Ei
209 1352 296 1424 mihi,
315 1352 400 1426 quod
415 1351 538 1411 domino
554 1366 615 1411 non
631 1351 759 1410 licetine
774 1358 843 1411 tuot

116 1436 221 1509 Vade,
238 1436 294 1496 sed
310 1435 456 1510 incultus,
473 1435 593 1510 qualem
609 1435 697 1494 deoet
711 1435 810 1495 exulis
827 1451 910 1495 essee

159 1519 268 1580 Infelix
282 1518 580 1595 habitumtemporis
595 1518 685 1579 huius
698 1519 787 1578 habe.

87 1602 222 1664 suec-ae
233 1618 388 1680 purpureo
401 1603 502 1662 velent
517 1603 654 1663 vaccinia
668 1603 754 1663 fuco:

159 1687 225 1747 Non
241 1694 289 1747 est
303 1687 490 1747 conveniens
505 1687 636 1747 luctibus
652 1687 702 1747 iiie
717 1687 817 1748 color:

117 1771 180 1831 Neo
195 1771 299 1831 titulus
314 1770 422 1846 minio,
438 1785 495 1830 neo
511 1772 604 1831 cedro
617 1771 722 1831 charta
737 1777 865 1842 notetur,

160 1855 297 1916 Candida
310 1869 367 1914 nec
382 1855 468 1929 nigra
483 1870 598 1916 cornua
613 1856 711 1914 fronte
726 1870 816 1929 geras

116 1938 234 1999 Felices
248 1943 356 1999 ornent
365 1937 443 1998 haee
458 1939 654 1998 instrumenta
668 1937 799 1998 libellos.

71 2033 100 2085 to
158 2021 309 2083 Fortunae
323 2037 488 2082 memorem
503 2029 532 2081 te
549 2022 637 2081 decet
651 2037 723 2081 esse
736 2036 831 2081 meae.

115 2105 179 2165 Neo
194 2105 293 2181 [ragit.
308 2105 448 2180 geminae
462 2106 616 2182 poliantur
626 2105 749 2182 pumice
761 2106 886 2178 frontes,

159 2189 302 2251 Hirsutus
315 2190 434 2270 sparsis
449 2198 482 2252 ut
496 2191 622 2250 videare
637 2191 743 2250 comis,

114 2273 199 2333 Neve
213 2273 371 2334 liturarum
387 2275 510 2348 pudeat.
547 2275 599 2350 qui
614 2275 724 2334 viderit
738 2274 815 2348 illas

160 2358 204 2417 De
218 2357 351 2417 lacrimis
367 2358 464 2417 iactas
480 2357 590 2418 sentiet
604 2375 675 2418 esse
689 2357 776 2418 meis.

71 2450 101 2503 15
114 2440 220 2515 Vade,
235 2441 326 2514 liber,
342 2441 509 2517 verbisque
524 2443 600 2503 meis
616 2444 685 2502 ioca
695 2448 780 2516 grata
796 2440 909 2501 saluta:

159 2524 336 2601 contingam
352 2531 434 2585 certe
449 2543 510 2600 quo
525 2527 596 2586 licet
609 2527 660 2586 iila
674 2527 765 2602 pede.

117 2607 148 2668 Si
166 2610 249 2683 quis,
265 2616 297 2668 ut
312 2610 340 2668 in
358 2610 489 2685 populo,
507 2611 603 2669 nostri
618 2626 679 2670 non
694 2611 843 2668 inmemor
857 2615 948 2683 extat,

90 2764 92 2772 J
159 2691 292 2766 Siquis,
311 2693 377 2768 qui,
396 2693 470 2767 quid
485 2709 589 2768 agam,
607 2693 684 2753 forte
697 2692 844 2768 requirat,
862 2693 931 2751 erit:

114 2776 231 2836 Vivere
245 2792 293 2835 me
310 2776 409 2851 dices,
427 2778 547 2837 salvum
561 2784 662 2837 tamen
678 2793 748 2838 esse
763 2775 905 2850 negabis:

71 2869 100 2920 no
155 2859 191 2920 Id
207 2876 346 2936 quoque,
363 2861 446 2936 quod
464 2861 578 2936 trivam,
595 2879 704 2923 munus
720 2859 833 2919 habere
845 2859 904 2918 dai.

115 2944 219 3018 Atque
233 2944 274 3004 ita
291 2953 319 3004 te
333 2944 442 3005 tacitus
459 2946 615 3020 quaerenti
631 2947 718 3019 plura
733 2941 903 3017 legendum,

158 3027 219 3100 Ne,
237 3029 320 3104 quod
336 3044 396 3088 non
413 3044 493 3104 opus
509 3035 570 3102 est,
587 3029 665 3089 forte
679 3031 820 3103 loquare,
837 3024 934 3086 dabis.

114 3110 256 3170 Protinus
272 3112 446 3173 admonitus
461 3118 578 3188 repetet
592 3128 661 3171 mea
676 3112 801 3171 erimina
815 3111 919 3186 lector,

158 3194 196 3253 Et
211 3210 342 3270 peragar
357 3197 463 3272 populi
478 3197 619 3271 publicus
636 3212 689 3256 ore
703 3211 786 3257 reus.

71 3283 102 3338 nd
114 3277 156 3337 Tu
173 3293 251 3339 eave
265 3279 430 3354 defendas,
447 3280 587 3356 quamvis
602 3280 783 3340 mordebere
799 3278 901 3340 dietis·

158 3362 258 3422 Causa
272 3363 442 3438 patrocinio
454 3380 515 3423 non
529 3363 612 3424 bona
627 3365 715 3440 peior
728 3365 792 3425 erit.

114 3444 257 3506 invenies
274 3447 422 3522 aliquem,
440 3449 492 3523 qui
507 3464 556 3507 me
571 3449 704 3524 suspiret
719 3450 903 3522 ademptum,

96 3538 176 3587 ovrn.
198 3530 248 3589 111.
840 3542 854 3591 1
