2318 3960
406 237 449 311 il,
470 235 649 301 tta—544.

109 389 216 462 lussit,
232 396 263 450 et
276 391 307 449 in
321 397 428 450 tenues
443 390 540 450 oculis
551 392 675 453 evanuit
688 408 790 453 auras.

63 484 93 535 to
153 474 308 536 Convocat
321 473 371 532 hic
386 473 535 548 populos,
551 474 699 550 iussaque
712 476 806 536 verba
816 477 918 535 refert.

107 558 234 633 Templa
248 557 309 619 deo
322 557 407 616 fiunt.
435 557 522 617 collis
539 574 663 634 quoque
677 560 776 619 dctus
792 557 831 618 ab
846 558 898 617 illo
912 564 969 628 est,

150 641 187 702 Et
200 641 336 702 referunt
349 641 423 700 certi
437 656 527 701 sacra
543 649 670 716 patema
683 642 759 702 dies.
782 650 784 653 ’

108 725 176 787 Lux
194 741 318 800 quoque
335 740 390 784 cur
404 724 513 784 eadem
528 723 695 786 Stultorum
709 728 788 787 resta
800 731 937 796 vocetur,

146 809 271 884 Accipe.
302 824 398 883 parva
413 808 537 881 quidem
552 824 661 884 causa,
677 811 734 870 sed
749 815 821 884 apta
835 807 951 869 subest.

63 900 94 955 15
109 893 177 953 Non
197 891 303 953 habuit
316 892 427 951 doctos
441 893 530 951 lellus
545 893 671 967 antiqua
686 894 830 954 colonos=

151 975 324 1037 Lassabant
335 975 431 1050 agiles
447 991 559 1050 aspera
572 975 652 1035 bella
666 977 761 1037 viros.

109 1060 180 1120 Plus
195 1065 261 1120 erat
273 1059 304 1119 in
318 1058 436 1135 gladio,
452 1074 544 1134 quarn
560 1075 653 1119 curvo
669 1060 770 1120 laudis
787 1063 903 1119 aratro:

148 1143 312 1218 Neglectus
328 1143 453 1202 domino
467 1156 566 1218 pauca
580 1143 698 1203 terebat
711 1158 795 1218 ager.

107 1227 202 1288 Fama
215 1233 317 1286 tamen
330 1232 452 1285 veteres
467 1224 630 1298 iaciebant,
647 1226 729 1286 sarra
742 1223 904 1297 metebant,

63 1319 95 1371 20
149 1309 299 1370 Primitiae
314 1309 416 1369 Cereri
432 1309 513 1368 farra
526 1315 647 1369 resecta
661 1309 785 1369 dabant.

107 1394 224 1455 Usibus
239 1393 386 1453 admoniti
403 1391 533 1453 dammis
546 1394 692 1453 torrenda
707 1393 864 1466 dederunt,

149 1477 306 1552 Multaque
320 1483 450 1551 peccato
464 1476 576 1536 damna
588 1478 686 1536 tulere
700 1492 768 1537 suo.

107 1562 184 1621 Nam
197 1561 290 1621 modo
304 1559 468 1620 verrebant
482 1559 585 1633 nigras
601 1576 657 1634 pro
673 1561 753 1621 farre
767 1558 897 1633 favillas,

145 1645 232 1705 Nunc
246 1643 334 1720 ipsas
348 1643 436 1718 ignes
451 1643 626 1719 corripuere
641 1659 740 1705 casas.
861 1669 865 1677 ·

63 1743 93 1795 25
108 1731 202 1790 Facta
215 1728 275 1788 dea
289 1734 337 1787 est
349 1726 481 1787 Fornax.
508 1727 579 1787 laeti
592 1728 730 1788 Fornace
744 1727 846 1790 coloni

151 1812 257 1885 Orant,
272 1818 306 1871 ut
322 1812 427 1884 fruges
440 1817 591 1885 temperet
604 1811 656 1870 illa
669 1828 753 1871 suas.

109 1896 198 1957 curio
215 1895 356 1969 legitimis
371 1909 452 1954 nunc
465 1892 646 1954 Fornacalia
659 1895 762 1954 verbis

148 1979 300 2038 Maximus
315 1977 435 2049 indicit,
451 1992 508 2037 nec
523 1984 603 2037 stata
616 1992 706 2037 sacra
720 1976 806 2037 facim

109 2066 207 2138 Inque
224 2064 308 2136 foro,
323 2064 418 2120 multa
432 2062 546 2121 circum
562 2060 715 2135 pendente
728 2061 849 2131 tabella,

63 2157 96 2209 30
153 2145 297 2222 Signatur
311 2151 395 2205 cerm
409 2144 493 2204 curia
507 2160 650 2220 quaeque
663 2151 745 2204 nota.
921 2218 924 2223 ,

111 2231 271 2305 stultaque
280 2245 358 2303 pars
374 2228 496 2303 populi,
511 2243 591 2303 quae
605 2228 645 2288 sit
659 2243 717 2288 sua
731 2227 829 2298 curia,
846 2227 952 2298 nescit,

153 2313 216 2375 Sed
231 2313 303 2372 iacit
315 2318 453 2371 extrema
467 2325 558 2371 sacra
571 2313 667 2372 relata
681 2312 741 2371 die.

87 2447 139 2510 18.
167 2447 231 2507 ΑΟ
275 2445 414 2508 19.Βῦ
457 2445 508 2507 20.
538 2445 596 2504 CC
639 2442 968 2508 samusart-F

108 2565 164 2624 Est
177 2564 276 2622 honor
290 2570 321 2622 et
335 2563 473 2634 tumulis,
489 2562 605 2621 animas
621 2562 744 2636 placare
759 2570 911 2638 paternae,

150 2648 310 2722 Parvaque
324 2647 355 2705 in
370 2651 524 2706 extructas
539 2660 665 2704 munera
679 2646 758 2705 ferre
774 2662 879 2724 pyras.

63 2743 95 2797 35
110 2731 209 2790 Parva
224 2737 329 2805 petunt
342 2745 457 2790 manes.
488 2729 586 2803 pietas
601 2742 657 2802 pro
672 2728 767 2787 divite
780 2736 867 2804 grata
881 2736 929 2788 est

149 2815 287 2874 Munere.
317 2829 379 2873 non
393 2813 502 2872 avidos
518 2811 597 2887 Styx
610 2811 703 2870 habet
715 2810 777 2870 ima
791 2812 879 2872 deos.

108 2898 223 2973 Tegula
238 2897 387 2972 porrectis
403 2897 478 2957 satis
492 2903 540 2956 est
554 2896 654 2954 velata
669 2893 801 2968 coronis,

146 2982 184 3041 Et
199 2996 329 3056 sparsae
344 2981 463 3054 fruges,
479 2994 636 3055 parcaque
649 2978 729 3036 mica
744 2978 828 3052 salis,

108 3067 206 3140 Inque
220 3080 304 3124 mero
319 3064 434 3123 mollita
449 3079 549 3135 ceres,
566 3063 729 3137 violaeque
743 3063 878 3121 solutam

63 3161 96 3217 m
152 3149 237 3209 Hace
250 3147 362 3207 habeat
376 3148 478 3208 media
490 3152 570 3206 testa
583 3146 689 3206 relicta
702 3142 764 3204 via.

108 3232 172 3291 Nec
187 3232 304 3291 maiora
319 3238 401 3291 veto.
432 3229 490 3290 sed
505 3236 535 3289 et
547 3230 596 3289 his
611 3228 771 3304 placabilis
786 3228 895 3289 umbra
908 3234 966 3286 est

151 3315 242 3374 Adde
256 3329 365 3389 preces
380 3313 489 3389 positis
504 3321 535 3372 et
548 3330 606 3373 sua
618 3312 714 3372 verba
728 3312 816 3372 iocis.

109 3398 198 3458 Hunc
212 3413 328 3457 morem
342 3397 480 3471 Aeneas,
496 3395 617 3471 pietatis
631 3395 763 3456 idoneus
778 3401 885 3456 auctor

153 3480 259 3543 Attulit
272 3480 302 3538 in
316 3487 428 3550 terras,
446 3481 526 3541 iuste
540 3478 660 3544 Latine.
676 3485 756 3538 tuas.
