2318 3960
446 209 469 285 Ι,
490 206 519 285 5,
542 205 609 270 14-
625 207 676 272 do.
1013 210 1076 276 125

106 384 109 385 ⁷
179 362 330 444 Mensque
345 362 442 437 magis
457 362 561 436 gracili
576 376 707 437 corpore
721 369 828 423 nostra
840 366 931 424 valet.

140 449 214 510 Cum
232 446 311 507 bene
327 446 505 519 quaesieris,
530 442 731 519 quod'agam,
754 444 852 522 magis
867 448 939 509 utile
953 448 995 509 nil
1008 455 1056 509 cst

180 529 306 592 Artibus
320 527 378 604 his,
399 544 479 604 quae
493 527 535 587 nil
549 529 685 589 utilitatis
699 527 823 589 habent.

95 627 132 680 ⁵5
145 615 327 690 Consequor
340 627 380 672 ex
394 613 453 672 illis
469 627 562 673 casus
578 611 691 672 oblivia
705 614 811 674 nostri.

179 699 265 759 Hanc
279 711 412 757 messem
427 696 503 757 satis
518 702 566 756 est
580 695 607 755 si
621 711 690 756 mea
703 696 805 757 reddit
817 697 938 759 humus.

140 782 244 844 Gloria
257 797 316 840 vos
331 785 431 840 acuat.
461 796 530 852 voS,
551 787 586 840 ut
598 780 724 840 recitata
737 782 906 856 probentur

181 865 328 936 Carmina,
343 861 454 924 Pieriis
469 863 623 938 invigilate
637 863 749 924 choris.

141 948 230 1024 Quod
248 948 330 1009 venit
345 963 385 1007 ex
400 946 490 1019 sacili,
512 947 587 1008 satis
603 953 651 1008 est
664 963 851 1023 componere
865 949 964 1024 nobis,

96 1045 134 1099 σο
185 1033 224 1093 Et
236 1031 326 1093 nimis
340 1031 446 1091 intenti
461 1046 556 1091 causa
570 1031 684 1092 laboris
700 1030 797 1092 abest.

120 1179 123 1184 ,
140 1117 200 1179 Cur
213 1133 271 1192 ego
287 1114 417 1178 sollicita
431 1114 546 1191 poliam
560 1130 628 1175 mea
643 1116 777 1176 carmina
792 1124 886 1177 curat

104 1212 106 1215 ·
182 1203 229 1260 An
244 1215 362 1273 verear,
384 1214 424 1259 ne
438 1215 500 1259 non
516 1198 667 1275 approbet
680 1199 732 1259 illa
747 1199 861 1260 Getes?

139 1284 279 1345 Forsitan
297 1283 442 1344 audacter
456 1281 575 1356 faciam,
598 1282 655 1342 sed
669 1282 785 1358 glorior
798 1284 933 1345 Histrum

181 1368 306 1443 Ingenio
321 1367 436 1428 nullum
449 1365 548 1427 maius
563 1366 676 1427 habere
690 1381 770 1428 meo.

88 1461 124 1515 65
138 1451 213 1526 Hoc,
234 1451 285 1511 ubi
300 1449 465 1510 vivendum
480 1456 536 1524 est,
556 1449 631 1510 satis
647 1457 702 1522 est,
725 1450 752 1510 si
767 1466 943 1528 consequor
957 1469 1042 1527 arvo,

181 1536 262 1595 inter
278 1534 461 1595 inhumanos
477 1549 549 1594 esse
564 1541 655 1609 poeta
670 1533 772 1594 Getas.

140 1619 206 1693 Quo
221 1617 302 1694 milri,
324 1618 481 1679 diversum
496 1618 577 1678 lama
590 1617 777 1679 contendere
791 1619 822 1680 in
837 1621 964 1681 orbemt

182 1703 276 1776 Quem
290 1703 411 1762 fortuna
424 1701 518 1772 dedit,
540 1702 640 1763 Roma
653 1702 692 1762 sit
707 1702 757 1761 ille
772 1704 869 1765 locus.

139 1787 206 1847 Hoc
223 1802 291 1846 mea
306 1792 447 1847 contenta
461 1792 509 1846 est
523 1785 629 1845 infelix
642 1785 732 1847 Musa
745 1787 878 1848 theatro:

89 1878 125 1935 to
185 1869 236 1931 Sic
250 1870 355 1929 merui.
387 1868 487 1944 magni
502 1870 548 1929 sic
561 1872 687 1931 voluere
702 1869 761 1929 dei.
966 1871 969 1879 ’

137 1954 200 2015 Nec
214 1969 285 2015 reor
298 1952 370 2014 hinc
384 1952 463 2014 istuc
477 1952 591 2013 nostris
606 1954 663 2012 iter
677 1968 749 2013 esse
764 1954 882 2030 libellis,

181 2038 246 2113 Quo
261 2037 374 2098 boreas
389 2036 484 2111 pinna
499 2037 660 2097 deliciante
675 2037 768 2101 venit.
920 2083 922 2086 ψ

139 2121 309 2182 Dividimur
323 2122 419 2181 caelo.
450 2135 592 2196 quaeque
607 2127 655 2180 est
670 2122 777 2195 procul
791 2121 867 2183 urbe
882 2122 1003 2196 Quirini,

178 2205 299 2281 Aspicit
311 2204 447 2265 hirsutos
463 2204 631 2264 cornminus
645 2204 726 2265 Ursa
741 2207 842 2266 Getas.

89 2299 123 2355 75
138 2289 324 2350 Portentum
338 2296 447 2362 terrae,
467 2295 512 2349 tot
526 2304 623 2364 aquas
640 2289 692 2347 vix
706 2290 834 2350 credere
848 2305 978 2367 possum

180 2373 327 2434 Indicium
343 2371 435 2433 studii
450 2372 643 2433 transiluisse
656 2374 724 2433 mei.

138 2455 233 2531 Finge
247 2456 315 2532 legi,
337 2456 483 2532 quodque
498 2461 546 2516 est
560 2455 706 2529 mirabile,
726 2457 809 2533 linge
823 2459 959 2534 placere:

180 2541 346 2600 Auctorem
360 2546 442 2600 certe
456 2555 507 2599 res
522 2541 606 2601 iuvat
618 2540 678 2600 ista
692 2541 776 2600 nihil.

140 2623 217 2697 Quid
233 2624 295 2698 tibi,
319 2625 345 2685 si
361 2624 469 2696 calida,
493 2624 606 2698 prosit,
630 2624 755 2684 laudere
770 2624 882 2701 Syene,

89 2719 125 2771 80
179 2708 241 2768 Aut
254 2707 306 2768 ubi
323 2707 524 2784 Taprobanen
541 2707 646 2767 lndica
661 2708 753 2783 cingit
768 2716 870 2785 aquai

141 2791 240 2851 Allius
255 2791 299 2851 ire
313 2791 407 2852 libett
428 2790 455 2851 si
470 2798 500 2850 te
514 2790 658 2851 distantIa
672 2792 761 2866 longe

182 2874 339 2936 Pleiadum
353 2874 477 2936 laudent
491 2875 588 2950 signa,
609 2875 682 2950 quid
697 2874 768 2935 inde
782 2877 885 2936 lerast

142 2957 204 3018 Sed
219 2974 320 3033 neque
335 2958 482 3035 pervenio
498 2957 620 3033 scriptis
635 2959 840 3021 mediocribus
854 2961 942 3038 istuc,

182 3041 338 3118 Famaque
354 3059 422 3104 cum
438 3042 561 3103 domino
577 3042 653 3116 sugit
666 3044 705 3103 ab
719 3042 801 3104 Urbe
816 3059 883 3105 suo.

97 3128 130 3182 85
141 3126 287 3201 Vosque,
307 3126 418 3202 quibus
432 3125 518 3201 perii,
538 3132 610 3187 tunc
624 3141 693 3187 cunr
707 3142 775 3187 mea
789 3130 870 3189 lama
884 3129 1003 3206 sepulta
1017 3138 1072 3205 est,

179 3209 264 3271 Nunc
279 3225 404 3288 quoqne
419 3208 458 3268 de
472 3215 577 3269 nostra
591 3215 689 3269 morte
703 3218 804 3273 tacere
818 3227 899 3275 reor.

459 3403 673 3415 ------
