2318 3960
99 200 158 266 188
480 199 544 260 EX
561 198 715 261 Ponto

126 364 163 417 to
219 354 391 415 (tonderem
406 352 509 414 lateris
524 366 587 412 non
600 349 748 411 habtusse
761 352 872 410 locum.

176 438 241 500 Nec
254 439 417 514 querulus,
431 436 521 496 turba
536 434 678 509 quamvis
694 434 839 505 elideret,
854 449 974 495 essenis

219 520 283 582 Sed
297 521 377 580 toret
388 537 409 580 a
422 519 539 595 populo
553 525 626 577 tunc
642 517 715 576 mihi
731 517 821 578 dulce
835 517 943 592 prorui.

176 605 389 681 Prospicerem
401 603 556 678 gaudeus,
571 606 705 674 quantus
719 602 799 661 toret
811 600 941 676 agminis
957 600 1043 672 ordo,

218 689 384 763 Deusaque
399 702 494 761 quam
504 687 629 758 longum
643 683 733 744 turba
745 691 863 745 teneret
876 685 941 744 iter.

126 776 161 830 25
177 772 305 848 Quoque
319 771 417 845 magis
432 768 533 842 noris,
548 783 640 843 quarn
654 783 703 827 rne
716 769 855 844 vulgaria
868 774 1001 842 tangant,

217 854 411 930 spectarem,
432 851 533 928 qualis
547 867 685 926 purpura
699 859 729 912 te
742 857 868 926 tegeret

176 938 271 1014 Signa
285 952 410 1013 quoque
424 936 457 996 in
470 936 548 996 sella
560 950 687 996 nossem
702 936 831 996 tenuata
845 934 952 1008 curuli,

212 1022 252 1082 Et
264 1028 360 1084 totum
374 1020 524 1080 Numidae
537 1019 681 1093 setuptite
695 1020 794 1080 dentis
809 1035 900 1094 opus

174 1109 215 1166 At
227 1122 296 1166 curn
310 1105 458 1180 Tarpeias
471 1118 561 1164 esses
576 1103 727 1164 deductus
742 1104 773 1164 in
787 1119 886 1175 arces,
960 1163 964 1169 ,

125 1199 159 1253 30
211 1191 289 1250 Dun
304 1189 428 1248 caderet
441 1187 528 1248 iussu
549 1185 672 1246 victima
685 1203 775 1248 saera
788 1195 849 1260 tuo,

173 1274 224 1333 Me
239 1288 364 1348 quoque
378 1278 500 1332 secreto
514 1278 617 1345 grates
633 1269 692 1330 sibi
707 1288 836 1346 magnius
851 1276 992 1346 agentern

214 1356 364 1417 Audisset
381 1355 485 1415 media
498 1353 550 1428 qui
566 1355 655 1414 sedet
668 1356 746 1416 aede
760 1357 847 1416 dous.

173 1440 314 1514 Turaque
328 1445 429 1499 mente
442 1439 541 1512 magis
557 1438 663 1512 plena,
681 1455 773 1514 quam
786 1440 889 1512 lance,
904 1439 1063 1514 dedissem

214 1523 273 1582 Ter
287 1528 410 1598 quater,
425 1520 545 1596 imperii
559 1523 659 1581 laetus
674 1521 793 1583 honore
806 1523 860 1582 tui.

123 1609 158 1665 35
174 1605 226 1666 Sic
241 1620 299 1679 ego
316 1611 495 1680 praesentes
510 1605 588 1663 inter
602 1620 778 1665 numerarer
791 1607 919 1680 amicos,

213 1689 298 1748 Mitia
312 1689 359 1746 ius
373 1686 465 1747 Urbis
480 1688 507 1746 si
522 1688 615 1746 modo
637 1690 698 1747 iata
714 1688 837 1749 darent:

174 1773 321 1847 Quaeque
334 1769 408 1829 mihi
423 1772 492 1830 sola
506 1771 624 1846 capitur
640 1786 720 1830 nunc
734 1779 834 1832 mente
850 1773 1003 1848 voluptas,
1067 1830 1069 1834 .

214 1857 297 1916 Tunc
312 1854 411 1915 oculis
426 1853 517 1914 etiam
533 1853 732 1930 percipienda
747 1856 833 1915 toret

172 1939 240 2000 Non
254 1939 296 1999 ita
310 1937 469 1999 caelitibus
485 1938 584 1998 visum
600 1946 662 2012 est,
677 1945 707 1998 et
721 1939 849 2000 forsitan
863 1941 985 2016 aequis.

123 2034 159 2088 to
214 2022 290 2082 Nam
306 2022 382 2098 quid
395 2036 445 2081 ma
459 2035 581 2099 poenae
598 2037 696 2083 cansa
708 2030 818 2097 negata
828 2024 932 2086 iuvett

171 2107 273 2167 Mento
288 2114 402 2177 tamen,
420 2121 499 2179 quac
514 2106 583 2165 sola
596 2105 666 2166 loco
682 2122 744 2167 non
759 2108 875 2182 exulat,
892 2114 970 2183 utar,

211 2189 401 2249 Praetextaur
416 2190 518 2249 iasees
534 2189 745 2264 aspiciamque
760 2197 839 2253 tuos.

172 2275 256 2333 Haec
269 2274 362 2333 modo
378 2277 408 2332 to
424 2272 538 2346 populo
552 2271 731 2333 reddentem
746 2273 812 2335 iura
825 2273 950 2348 videbit,

211 2356 250 2416 Et
265 2370 300 2415 se
314 2355 442 2415 secretis
457 2355 551 2428 tinget
566 2355 679 2417 adesse
692 2356 786 2418 torisa

122 2444 156 2498 4⁵
169 2439 256 2499 Nunc
270 2438 353 2513 longi
367 2438 485 2498 reditus
499 2438 607 2499 hastae
622 2456 798 2515 supponere
813 2441 901 2501 lustri

211 2522 333 2595 cernet,
350 2529 380 2582 et
394 2529 504 2583 exacta
519 2530 629 2583 cuncta
642 2524 746 2585 locare
760 2524 837 2585 fide:

170 2606 257 2666 Nunc
271 2606 374 2667 iacere
389 2605 419 2666 in
433 2605 534 2666 medio
551 2607 715 2669 facundum
729 2606 824 2668 verba
837 2616 955 2680 senatu,

207 2690 331 2750 Publica
352 2697 547 2766 quaerentem
563 2690 636 2765 quid
652 2697 734 2767 petat
747 2691 876 2752 utititas:

170 2774 256 2834 Nunc
271 2790 328 2849 pro
344 2773 527 2835 Caesaribus
542 2775 664 2851 superis
680 2776 846 2835 decernere
861 2783 973 2850 grates,

122 2873 156 2925 an
210 2858 331 2918 Albave
346 2857 518 2932 opimorum
532 2857 613 2919 colia
627 2859 718 2918 ferire
731 2857 835 2919 bourn.

170 2942 274 3017 Atque
289 2941 417 3015 utinam,
433 2941 577 3001 cumiani
592 2940 686 3002 tuens
703 2941 823 3016 potiora
838 2949 991 3018 precatus,

210 3024 252 3085 Ut
265 3025 337 3085 mihi
354 3025 489 3099 placetur
505 3023 637 3086 numinis
650 3026 710 3098 ira,
724 3033 831 3099 roges!

172 3109 284 3184 surgat
298 3109 340 3169 ad
354 3110 433 3169 hano
449 3123 556 3168 vocem
573 3109 663 3184 piena
677 3109 747 3184 pius
762 3108 842 3183 ignis
857 3109 898 3170 ab
912 3126 976 3185 ara,

213 3191 333 3268 Detque
348 3192 462 3254 bonum
476 3198 549 3253 voto
565 3192 688 3254 lucidus
701 3208 791 3255 omen
805 3208 896 3268 apex.

121 3283 155 3336 55
169 3275 302 3347 Interea,
319 3292 380 3351 qua
393 3283 480 3353 parte
495 3276 578 3352 lieet,
595 3291 634 3337 ne
649 3285 759 3338 cuncto
774 3292 948 3351 querantur,

206 3357 263 3417 Hic
280 3375 404 3433 quoque
417 3367 447 3421 te
464 3360 572 3421 testum
589 3360 716 3421 consule
730 3367 851 3436 tempus
866 3377 968 3436 again

167 3442 273 3501 Altera
287 3441 432 3514 laetitiae,
452 3457 510 3502 nec
525 3442 640 3504 cedens
655 3459 749 3505 causa
764 3443 867 3520 priori,
