2318 3960
98 232 161 297 14⁶
488 229 549 316 un
568 228 716 290 rouro

177 384 278 459 Turpe
293 383 380 458 sequi
397 397 516 456 casum,
534 383 675 442 fortunae
690 380 801 441 cedere
816 380 959 454 amicum,

32 521 37 531 .
218 467 256 527 Et
270 467 329 527 nisi
345 467 385 527 sit
400 467 488 538 felix,
505 481 577 526 esse
591 478 705 539 negme
719 478 820 524 suum.

129 565 164 618 25
179 552 244 612 Non
261 552 301 611 ita
316 551 457 610 vixerunt
471 548 615 625 Strophio
630 555 722 622 atque
735 549 968 623 Agamemnone
980 549 1052 626 nati,

217 635 284 694 Non
299 634 377 694 lraec
390 633 530 709 Aegidae
543 632 729 706 Pirithoique
742 631 836 693 lides=

179 719 262 793 Quos
277 717 363 794 prior
376 726 424 777 est
438 717 559 792 mirata,
574 728 710 791 sequens
725 715 881 776 mirabitur
894 720 990 788 adas,

218 802 251 861 ln
267 816 397 876 quorum
413 802 540 876 plausus
555 806 618 860 tota
632 799 749 860 theatra
764 805 884 861 sonant.

177 887 222 946 Tu
237 900 363 959 quoque
376 887 434 960 per'
448 885 558 944 durum
573 889 695 943 servato
710 890 832 958 tempus
847 881 949 945 emico

125 978 161 1032 30
216 968 334 1042 Dignus
349 983 384 1027 es
398 969 428 1028 in
443 967 533 1028 tantis
549 981 660 1027 nomen
674 964 789 1026 habere
802 965 887 1026 uiris.

176 1053 293 1126 Dignus
309 1067 354 1112 es.
383 1059 427 1126 et,
443 1051 590 1127 quoniam
603 1049 724 1111 laudem
740 1049 855 1124 pietate
868 1049 1008 1125 mereris,

216 1134 356 1196 Non'erit
369 1134 463 1195 ollicii
477 1134 577 1210 gratia
591 1133 685 1195 surda
698 1133 752 1193 tui.

176 1219 273 1278 Crede
287 1218 375 1293 nubi,
391 1226 530 1280 nostrum
545 1218 647 1278 sinon
664 1217 791 1277 mortale
805 1217 937 1277 loturum
951 1224 999 1277 est
1094 1215 1097 1220 '

214 1302 357 1377 carnion,
371 1302 401 1361 in
418 1317 471 1363 ore
486 1302 630 1377 frequens
645 1299 832 1376 posteritatis
842 1299 919 1359 eris.

125 1391 159 1446 35
173 1385 234 1445 Fac
250 1385 343 1445 modo
358 1401 539 1462 permaneus
554 1386 657 1458 lasso,
674 1383 837 1458 Graeciae,
851 1382 964 1456 tidelis,

215 1468 310 1528 Duret
324 1476 354 1528 et
367 1471 398 1528 in
413 1470 522 1543 longas
538 1468 670 1544 impetus
685 1469 743 1529 isle
763 1482 876 1527 moras.

174 1553 257 1626 Quae
272 1558 304 1612 tu
318 1567 386 1611 cum
401 1558 557 1627 praestes,
580 1568 664 1612 remo
678 1559 780 1612 tamen
795 1557 865 1612 utor
878 1549 909 1609 in
926 1566 1011 1627 aura,

215 1635 277 1694 Nec
292 1641 383 1695 nocet
398 1635 534 1695 admisso
550 1635 684 1695 subdere
699 1636 801 1695 calcar
815 1648 907 1708 equo.

497 1779 701 1789 ..ψ-.-

120 1815 161 1912 7.
209 1850 389 1912 arrico.

172 1931 258 2032 Esse
272 1973 435 2032 salutatum
450 1971 514 2032 vult
527 1979 556 2031 te
572 1987 641 2031 mea
654 1972 754 2032 littera
768 1973 898 2048 primum

212 2063 241 2114 A
255 2057 334 2115 male
348 2055 482 2130 pacatis,
497 2054 613 2129 Attice,
628 2055 724 2115 missa
739 2055 833 2116 Getis.

169 2137 311 2198 Proxima
325 2138 536 2212 subsequitur,
557 2138 632 2214 quid
646 2149 737 2213 agas,
759 2139 866 2199 maire
880 2140 1033 2216 voluptas,

209 2221 302 2295 Etsi,
318 2222 465 2297 quicquid
480 2221 561 2296 agis,
576 2221 617 2282 sit
629 2222 683 2281 tibi
698 2238 772 2282 cura
785 2222 853 2282 mei.

140 2314 156 2365 5
170 2305 233 2364 Neo
248 2305 353 2365 dubito
369 2306 442 2380 quin
457 2305 506 2366 sit.
535 2306 593 2366 sed
607 2315 656 2366 me
669 2306 760 2366 timor
773 2306 842 2382 ipse
856 2305 1006 2368 malorum

211 2387 313 2463 Saepe
326 2404 537 2464 supervacuos
554 2389 635 2464 cogit
649 2384 763 2449 habere
777 2396 885 2451 motus.

167 2471 214 2531 lla
227 2473 365 2549 veniam,
381 2489 513 2549 quaeso,
529 2473 683 2548 nimioque
698 2474 825 2547 ignosce
835 2473 947 2535 timori.

209 2556 400 2631 Tranquillas
415 2557 505 2618 etiam
521 2558 687 2632 naufragus
700 2557 805 2618 horret
818 2570 926 2631 aquas.

168 2639 223 2713 Qui
239 2642 334 2700 semel
348 2648 396 2701 est
409 2641 514 2703 laesus
529 2642 630 2702 laliaci
646 2640 740 2716 piscis
756 2641 794 2700 ab
809 2640 910 2714 hamo,

122 2739 152 2790 10
205 2721 352 2784 Omnibus
367 2741 447 2785 unca
462 2725 538 2785 cibis
554 2741 625 2785 aera
640 2724 772 2786 subesse
785 2731 881 2802 putat.

168 2807 268 2882 Saepe
283 2823 390 2868 canem
403 2809 495 2883 longe
510 2808 610 2869 visum
626 2808 701 2884 lugit
714 2825 808 2884 agna,
824 2809 994 2884 lupumque

209 2891 323 2964 credit,
340 2898 369 2951 el
383 2892 452 2967 ipso
467 2907 554 2954 suam
570 2893 675 2953 nescia
686 2892 761 2953 vitat
775 2907 876 2968 opem.

166 2974 301 3034 Membra
314 2975 513 3037 reformidant
527 2977 647 3036 mollem
662 2990 786 3053 quoque
801 2975 906 3037 saucia
920 2981 1047 3037 tactnmr

204 3059 357 3134 Vanaque
371 3059 509 3118 sollicitis
524 3060 628 3121 incutit
641 3060 749 3120 umbre
762 3066 885 3120 metum.

118 3154 149 3204 15
165 3140 216 3201 Sic
232 3157 288 3215 ego
304 3143 444 3203 fortunae
456 3144 525 3204 telis
546 3145 685 3204 confixus
701 3143 813 3218 iniquis

206 3224 332 3284 Pectore
347 3225 488 3301 concipio
504 3228 545 3286 nil
560 3227 619 3288 nisi
633 3227 719 3287 triste
732 3242 813 3287 meo.

164 3308 226 3367 laun
241 3308 312 3366 milri
328 3310 389 3368 lata
400 3308 495 3385 liquet
509 3319 637 3387 coeptos
653 3311 806 3371 servantia
820 3326 929 3373 cursus

205 3390 263 3449 Per
277 3390 334 3450 sibi
351 3400 514 3455 consuetus
529 3411 651 3470 semper
665 3395 743 3455 itura
756 3394 839 3456 vias=

167 3473 340 3536 Observare
356 3475 449 3550 deos,
465 3493 505 3537 ne
521 3478 593 3554 quid
608 3479 680 3539 mihi
697 3479 786 3540 cedat
801 3477 914 3540 emicet
