2318 3960
99 243 163 309 214
490 245 515 306 F
520 242 744 307 ASTORUM

113 407 165 464 475
181 399 304 459 Dixerat
318 397 395 456 haee
411 405 481 457 nato
496 405 596 457 metus
613 397 727 458 instare
742 396 874 473 sibique,

221 481 375 556 Multaque
388 489 556 557 praeterea,
580 488 718 556 tempore
733 487 823 541 nacta
837 480 949 552 iidem.⁸

183 567 256 624 Nam
272 565 390 624 invenis
406 565 528 625 nimium
542 580 616 623 vera
631 581 699 624 eum
714 570 809 625 matre
824 565 947 641 fugatus

224 650 342 708 Deserit
352 650 517 710 Arcadiam
531 648 787 725 Parrhasiumque
801 649 905 708 larem.

184 733 237 794 Cui
256 732 386 807 genitrix
401 731 485 792 ssenti
501 732 535 790 ‘F
537 738 645 792 erinna
660 732 796 793 viriliter
811 732 918 809 inquit,

114 831 165 884 480
223 815 332 887 ‘Siste‚
347 831 471 892 precer,
487 817 664 876 lacrimast..
679 816 738 876 ista
752 817 880 876 serenda
895 817 948 880 tibi
963 824 1021 878 est.

184 899 235 960 Sic
251 908 315 959 erat
332 899 362 958 in
378 900 457 960 iatis.
490 915 548 959 nee
562 907 592 959 te
606 906 658 959 tua
673 901 764 976 eulpa
778 900 903 976 iugavit,

226 983 288 1043 Sed
304 984 390 1042 dens.
424 984 544 1044 offense
560 985 668 1058 pulsus
683 999 718 1043 es
733 983 810 1044 urbe
824 985 893 1044 deo.

183 1067 248 1128 Non
271 1067 366 1126 meriti
387 1083 517 1142 poenam
532 1067 662 1142 pateriS,
683 1068 741 1127 sed
755 1069 887 1128 numinis
902 1067 988 1127 iram.

223 1151 278 1210 Est
292 1151 405 1225 aliquid
421 1152 539 1227 magnis
554 1151 667 1210 crimen
682 1151 794 1212 abesse
808 1152 907 1211 maiis.

113 1242 164 1297 485
181 1235 309 1295 Conscia
323 1251 408 1294 mens
424 1242 457 1294 ut
472 1235 583 1309 cuique
598 1251 654 1294 sua
669 1243 731 1311 est,
747 1236 789 1296 ita
804 1235 938 1311 concipit
952 1235 1032 1295 intra

223 1318 348 1378 Pectora
369 1335 426 1393 pre
442 1320 521 1378 iacto
538 1335 687 1394 spemque
702 1328 875 1396 metumque
893 1335 962 1380 sno.

183 1403 244 1461 Nee
258 1410 357 1461 tamen
373 1409 406 1462 nt
419 1403 535 1478 primus
550 1418 651 1462 maere
666 1404 746 1463 mala
758 1404 831 1463 tatia
845 1419 975 1478 passusr

225 1484 329 1545 Obruit
344 1484 481 1560 ingentes
502 1488 562 1546 ista
583 1488 720 1561 procella
733 1487 827 1548 vires.

184 1570 297 1628 Passus
313 1570 392 1628 idem
408 1577 456 1629 est
467 1570 567 1648 Tyriis
583 1571 634 1646 qui
651 1571 806 1646 qnondam
822 1572 932 1647 pulsus
947 1569 988 1630 ab
1002 1570 1067 1630 oris

115 1662 167 1716 490
224 1653 355 1713 Cadmus
377 1653 408 1712 in
421 1655 522 1714 Aonia
538 1655 672 1715 constitit
684 1657 755 1715 exui
768 1655 871 1716 humo.

184 1737 296 1796 Passus
317 1736 396 1795 idem
411 1737 535 1815 Tydeus
554 1745 584 1796 et
597 1739 679 1798 idem
693 1737 868 1813 Pagasaeus
883 1737 987 1812 Iason,

224 1820 262 1879 Et
277 1836 355 1895 quos
370 1828 529 1895 praeterea
544 1822 636 1896 longa
649 1824 763 1881 reierre
776 1838 863 1882 mora
878 1829 935 1881 est

186 1902 279 1962 Omne
294 1905 393 1963 solnm
410 1905 479 1964 ferti
494 1906 592 1978 patria
607 1915 668 1981 est,
690 1913 724 1964 ni
738 1905 875 1981 piscibus
891 1921 1019 1980 aequor,

222 1989 262 2048 Ut
277 1988 408 2062 volueri,
428 2003 527 2048 vacuo
544 1989 690 2064 quicquid
704 1990 734 2047 in
753 1989 828 2050 erbe
843 1995 936 2063 patet.

115 2078 166 2132 495
181 2071 242 2131 Nec
257 2072 322 2130 iera
335 2079 502 2146 tempestas
516 2080 580 2132 tete
595 2079 695 2130 tamen
710 2072 815 2132 horret
828 2073 858 2131 in
874 2088 967 2132 anno.

226 2155 264 2214 Et
278 2155 360 2215 tibi...
378 2156 468 2215 erede
483 2154 555 2214 miiti
565 2163 593 2214 t..
608 2163 748 2230 tempera
761 2157 843 2215 veris
859 2160 969 2216 erunt!

188 2239 322 2298 Vocibus
340 2238 484 2299 Euander
504 2240 623 2299 firmata
635 2246 736 2298 mente
752 2239 887 2314 parentis

227 2323 311 2381 Nare
326 2331 412 2382 secat
426 2322 553 2398 fluetus,
575 2323 818 2398 Hesperiamque
832 2330 924 2383 tenet

185 2407 310 2480 Iamque
328 2413 422 2465 ratem
438 2407 546 2466 doctae
561 2407 676 2467 monitu
691 2406 858 2467 Carmentis
873 2407 903 2467 in
920 2420 1039 2468 atnnetn

116 2500 167 2552 500
222 2490 347 2564 Egerat,
363 2499 393 2551 et
405 2489 513 2551 Tuscis
529 2491 639 2551 obvius
654 2491 717 2550 ibat
732 2489 829 2566 aquis.

184 2572 329 2632 Fluminis
344 2574 396 2633 iila
410 2576 504 2649 latus,
526 2576 572 2634 eui
588 2583 658 2636 sunt
671 2575 753 2634 vada
766 2575 868 2635 iuncta
880 2574 1012 2648 Tarenti,

226 2657 345 2732 Aspicit
360 2664 390 2718 et
402 2675 530 2733 sparsas
545 2676 601 2734 per
614 2660 683 2718 loca
697 2659 765 2719 sola
784 2659 884 2719 ceses.

186 2741 286 2816 thue
300 2750 379 2815 erat,
402 2742 547 2803 immissis
563 2759 698 2817 puppem
713 2743 794 2804 stetit
808 2750 878 2803 ante
892 2741 1022 2818 capillis,

228 2825 442 2900 Continuitque
455 2842 577 2887 manum
592 2835 680 2886 tama
693 2827 829 2903 regentis
843 2827 909 2886 iter.

117 2915 167 2966 505
181 2908 218 2969 Et
232 2910 339 2982 procul
354 2909 384 2968 in
400 2910 538 2969 dextram
552 2911 683 2971 tendens
698 2927 755 2971 sua
769 2910 914 2971 bracchia
934 2910 1034 2986 ripam

227 2991 320 3052 Pinea
339 3009 401 3053 non
417 3009 494 3054 sane
510 3001 557 3054 ter
571 2995 652 3070 pede
666 3001 749 3054 texta
763 2995 846 3056 ierit:

186 3075 268 3135 Neve
284 3077 371 3136 daret
385 3078 494 3139 saltum
508 3094 678 3153 properans
698 3080 840 3139 insistere
854 3085 964 3153 terrae,

226 3160 288 3219 Vix
303 3169 352 3221 est
365 3161 500 3221 Euandri
519 3162 635 3238 vixque
648 3170 764 3223 retenta
778 3178 879 3222 manu.

187 3243 309 3318 ‘Di'que
325 3245 510 3319 ‘petitorum'
526 3246 602 3305 dixit
615 3247 745 3306 ‘salvete
759 3247 906 3320 iocorum,

114 3332 169 3385 510
224 3328 330 3402 Tuque
345 3344 444 3390 neves
460 3330 546 3390 caele
561 3337 642 3390 terra
655 3330 763 3390 datura
778 3330 866 3403 deos,

186 3407 386 3485 Fluminaque
403 3421 432 3473 et
447 3413 562 3486 tentes,
578 3412 690 3489 quibus
704 3412 799 3474 utitur
814 3411 938 3489 hospita
951 3411 1051 3486 telius,

227 3492 265 3552 Et
278 3509 435 3557 nemorum
450 3496 605 3574 nymphae
619 3497 824 3572 naiadumque
838 3495 940 3557 charit
