2318 3960
406 248 461 324 111,
483 247 663 314 lla—492.

71 415 101 467 '25
118 403 244 476 lamque
258 401 425 477 indignanti
441 418 523 464 nova
537 403 622 463 irena
638 408 795 478 receperat
811 415 873 473 ore,

157 484 232 546 Cum
246 485 323 546 levis
337 486 455 547 Aonias
474 486 589 562 ungula
607 485 685 547 rodit
698 502 805 562 aquas.

114 570 202 631 Nunc
217 569 327 652 fruitur,
340 569 441 645 caelo,
459 571 543 646 quod
557 569 659 646 pinnis
674 577 745 629 ente
760 570 893 645 petebat,

155 653 194 713 Et
207 650 321 715 nitidus
335 653 432 714 stellis
447 654 584 729 quinque
598 654 767 730 decemque
782 653 881 713 micat

115 736 256 799 Protinus
271 736 405 814 aspicies
420 737 553 797 venienti
566 744 656 799 nocte
671 737 821 800 coronam

71 828 101 882 30
160 817 307 881 Gnosida.
334 819 454 882 Theseo
474 821 599 882 crimine
618 822 700 882 iacta
713 822 773 882 dea
788 828 844 882 est.

114 903 178 963 lam
191 903 271 964 bene
286 904 409 980 periuro
424 911 554 967 mutarat
567 906 697 981 coniuge
711 905 874 980 Bacchum,

158 988 242 1062 Quae
257 987 340 1049 dedit
355 988 473 1064 ingrato
488 989 540 1050 iila
554 990 684 1066 legenda
697 989 774 1048 viro.

115 1070 205 1135 Sorte
219 1071 276 1131 tori
290 1073 430 1149 gaudens
444 1071 535 1147 ‘Quid
549 1072 661 1133 flebam
675 1073 821 1134 rusticai’
837 1073 926 1133 dixitz

159 1155 290 1216 ‘Utiliter
305 1155 395 1217 nobis
411 1157 550 1232 perfidus
564 1157 615 1216 ille
629 1157 706 1218 luit!

71 1243 103 1298 55
120 1240 239 1298 interea
248 1239 343 1300 Liber
358 1241 498 1316 depexos
514 1240 648 1302 crinibus
663 1240 756 1301 lndos

157 1320 253 1396 Vicit,
270 1329 300 1382 et
315 1339 373 1384 eoo
391 1325 479 1386 dives
494 1324 532 1384 ab
549 1324 623 1386 orbe
636 1325 724 1384 redit.

115 1407 198 1466 Inter
212 1405 351 1482 captivas
366 1407 444 1469 iaoie
459 1415 634 1485 praestante
648 1409 766 1484 puellas

157 1488 249 1550 Grata
262 1490 352 1551 nimis
366 1491 490 1553 Baccho
506 1492 569 1553 filia
583 1491 664 1567 regis
679 1499 753 1553 erat.

115 1572 221 1634 Flebat
234 1590 341 1635 amans
356 1575 500 1635 coniunx.
518 1576 711 1652 spatiataque
725 1576 812 1636 litore
826 1590 920 1635 curro

71 1669 104 1723 70
158 1657 262 1718 Edidit
276 1657 397 1719 incultis
412 1659 484 1720 talia
497 1661 594 1720 verba
609 1661 721 1721 comis=

119 1739 176 1800 ‘En
192 1741 315 1816 iterum,
330 1741 457 1816 flnctus,
473 1743 580 1810 similis
594 1744 697 1804 audite
712 1743 881 1819 querellas!

156 1823 203 1883 En
219 1826 327 1886 ilerum
341 1827 483 1886 lacrimas
499 1827 620 1903 accipe,
636 1827 764 1900 harena,
780 1833 881 1886 meast

117 1907 278 1984 Dicebam,
292 1909 431 1983 memini,
447 1910 595 1986 “pieriure
610 1917 641 1970 et
655 1911 773 1986 perfide
785 1910 908 1971 Theseu
916 1913 949 1968 l”

156 1993 209 2051 llle
225 1993 307 2054 abiit.
338 1993 446 2055 eadem
462 1993 588 2054 crimina
603 1993 745 2053 Bacchus
760 1994 861 2054 habet.

71 2082 106 2138 lo
121 2076 207 2136 Nunc
223 2093 349 2152 quoque
362 2078 472 2138 “nulla
482 2078 575 2138 viro”
592 2077 730 2137 clamabo
745 2078 885 2137 “semina
902 2075 1048 2136 credatu*

157 2159 286 2220 Nomine
303 2166 417 2221 mutato
434 2177 528 2223 causa
542 2162 637 2222 relata
650 2176 719 2221 mea
732 2167 793 2221 est:

118 2242 141 2303 0
157 2244 270 2317 utinam
284 2261 353 2304 mea
367 2260 452 2320 som,
470 2262 531 2320 qua
546 2245 674 2322 primurn
689 2252 847 2320 coeperat,
862 2244 946 2319 isset,

157 2329 284 2403 lamque
298 2343 356 2404 ego
372 2330 527 2404 praesenti
540 2337 678 2405 tempore
693 2329 776 2390 nulla
791 2329 902 2388 iorem!

118 2412 197 2486 Quid
211 2427 261 2471 me
276 2411 406 2472 desertis
421 2413 599 2488 perituram,
614 2413 719 2486 Liber,
734 2412 857 2472 harenis

71 2503 105 2559 8⁰
163 2495 338 2556 Servabas?
366 2496 451 2571 potui
467 2496 645 2558 dedoluisse
660 2499 764 2557 semel.

117 2579 239 2638 Bacche
253 2579 346 2653 levis,
363 2580 522 2656 leviorque
537 2581 612 2656 tuis,
632 2597 712 2655 quae
726 2589 866 2656 tempora
881 2580 1013 2655 cingunt,

157 2662 345 2737 Fraudibus,
360 2663 391 2723 in
407 2664 548 2724 lacrimas
563 2664 683 2738 cognite
697 2664 818 2725 Bacche
833 2679 928 2739 meas,

116 2749 222 2806 Ausus
238 2762 272 2805 es
287 2755 357 2831 ante
373 2749 481 2808 oculos
496 2748 629 2809 adducta
644 2747 743 2822 pelice
759 2754 882 2809 nostros

160 2830 232 2889 Tam
246 2829 326 2890 bene
341 2831 545 2907 compositum
560 2830 725 2891 sollicitare
738 2838 858 2892 torum?

71 2915 104 2969 85
117 2915 185 2974 Heu
200 2906 253 2973 ubi
268 2919 358 2989 pacta
372 2914 472 2975 ddest
491 2913 560 2988 ubi,
578 2930 658 2990 quae
672 2914 772 2975 iurare
786 2916 933 2976 solebast

158 2997 207 3056 Me
223 2997 379 3070 miseram,
397 2998 538 3073 quotiens
553 2999 630 3059 haec
645 3013 702 3073 ego
717 2997 813 3058 verba
827 2998 958 3074 loquaci

117 3080 236 3141 Thesea
252 3080 415 3157 culpabas,
430 3083 632 3158 fallacemque
646 3082 716 3157 ipse
731 3081 881 3142 vocabam

157 3164 273 3226 Iudicio
289 3163 403 3241 peccas
418 3165 535 3241 turpius
551 3167 619 3241 ipse
633 3171 695 3227 luo.

118 3248 161 3308 lle
177 3249 255 3308 sciat
268 3248 329 3309 hoc
345 3248 522 3325 quisquam,
538 3250 700 3324 tacitisque
716 3248 873 3310 doloribus
888 3267 970 3326 urar,

71 3339 107 3393 llo
160 3331 204 3391 Ne
219 3331 329 3394 totiens
344 3334 407 3392 falli
422 3334 514 3410 digna
528 3332 625 3394 inisse
640 3339 737 3410 puter.

118 3414 286 3493 Praecipue
301 3416 420 3493 cupiam
436 3416 527 3478 celari
540 3417 676 3492 Thesea,
691 3433 731 3478 ne
745 3424 775 3480 te

161 3499 338 3643 Cssrlrsortem
355 3501 464 3577 culpae
479 3502 610 3578 gaudeat
624 3517 696 3564 esse
710 3517 795 3564 suae.

81 3595 160 3640 ovra.
223 3628 230 3642 .
803 3600 835 3657 lt
