2318 3960
98 219 161 284 254
485 218 739 280 1181011111

182 372 237 432 llle
251 373 330 432 redit
344 376 457 444 laetus,
473 377 682 445 memoratque
698 369 862 443 Quiritibus
878 377 955 431 acia

116 466 169 520 350
222 457 322 516 Tarda
336 458 420 515 venit
433 455 523 514 dictis
538 454 734 528 difficilisque
748 453 837 513 fides.

183 541 236 598 ‘At
249 546 330 600 certe
346 542 527 611 credemur‚’
542 538 584 597 ait
597 538 638 597 ‘si
652 537 748 597 verba
763 545 909 612 sequetur

222 623 341 683 Exitus.
368 624 414 681 En
429 622 502 681 audi
517 623 664 695 crastina,
681 621 821 703 quisquis
840 622 922 680 ades.

181 706 342 767 Protulerit
354 706 443 768 terris
459 721 527 765 cum
541 713 637 764 totum
653 706 800 783 Cynthius
815 703 931 780 orbem,

223 791 359 865 luppiter
372 790 491 864 imperii
505 789 636 869 nigriora
649 794 733 848 certa
748 788 855 849 dabit!

116 883 168 937 355
182 874 351 934 Discedunt
366 873 458 945 dubii,
480 873 696 948 promissaque
710 873 798 933 tarda
811 873 964 946 videntur,

225 957 448 1033 Dependetque
464 957 543 1017 ildes
558 973 577 1016 a
592 957 732 1016 veniente
747 957 807 1016 die.

183 1040 284 1100 Mollis
296 1047 364 1100 erat
377 1041 467 1102 tellus
488 1047 590 1100 rorata
604 1055 693 1099 mane
707 1040 831 1114 proluar

224 1127 304 1183 Ante
318 1125 366 1184 sui
386 1125 521 1199 populus
536 1124 640 1183 limina
654 1125 736 1197 regis
751 1124 849 1183 adest.

183 1207 302 1282 Prodit,
318 1215 349 1267 et
361 1208 392 1266 in
407 1208 486 1268 solio
502 1207 622 1267 medius
638 1207 781 1266 consedit
794 1218 917 1268 acerne.

119 1296 171 1354 360
226 1291 377 1352 innumeri
392 1291 474 1351 circa
488 1297 630 1365 stantque
645 1291 797 1366 silentque
811 1291 877 1350 viri.

184 1373 273 1434 Ortus
289 1381 353 1434 erat
367 1390 485 1434 summo
502 1374 710 1435 tantummodo
725 1375 861 1449 margine
874 1375 1033 1437 Phoebusr

224 1457 378 1518 Sollicitare
393 1464 510 1518 mentes
525 1474 644 1534 speque
658 1464 802 1533 metuque
821 1467 944 1533 pavent

184 1542 330 1616 Constitit,
347 1547 438 1616 atque
453 1549 546 1617 caput
561 1543 650 1600 niveo
665 1543 785 1601 velatus
804 1542 915 1602 amictu

224 1625 288 1684 lam
301 1625 381 1684 bene
395 1624 443 1684 dis
459 1633 547 1686 notas
563 1625 687 1686 sustulit
700 1626 751 1685 ille
764 1641 882 1698 manus,

115 1716 167 1772 365
182 1708 286 1782 Atque
301 1709 342 1769 ita
356 1708 501 1783 ‘Tempus
517 1709 607 1769 adest
622 1709 767 1784 promissi
780 1710 929 1768 muneris’
943 1709 1050 1786 inquit.

224 1791 404 1852 ‘pollicitam
419 1792 517 1865 dictis,
533 1793 677 1867 luppiter,
697 1793 778 1851 adde
792 1792 909 1851 fidem!

183 1877 260 1935 Dum
276 1875 418 1951 loquitur,
437 1882 532 1936 totum
547 1876 607 1935 iam
622 1876 669 1936 sol
684 1881 841 1936 emoverat
855 1876 970 1949 orbem,

224 1958 262 2017 Et
276 1959 379 2033 gravis
396 1960 538 2019 aethereo
553 1960 638 2019 venit
652 1960 690 2019 ab
706 1975 765 2018 axe
779 1960 891 2033 fragor.

183 2042 241 2101 Ter
255 2043 353 2102 tonuit
368 2043 435 2102 sine
449 2043 530 2103 nube
545 2044 633 2116 deus,
648 2043 706 2102 1111
719 2043 839 2117 fulgura
853 2044 943 2104 misit.

118 2132 170 2188 370
226 2125 346 2185 Credite
361 2127 483 2187 dicenti.
512 2127 596 2199 mira,
614 2127 671 2186 sed
685 2134 761 2199 acta,
778 2127 898 2201 loquor.

184 2209 213 2269 A
226 2209 329 2268 media
343 2211 460 2270 coelum
474 2209 600 2285 regione
615 2209 776 2269 dehiscere
795 2210 912 2286 coepit:

226 2291 412 2352 Summisere
428 2294 536 2353 oculos
552 2309 621 2352 cum
636 2294 715 2352 duce
729 2293 818 2354 turba
832 2309 901 2354 suo.

184 2375 264 2434 Ecce
279 2375 340 2434 levi
355 2381 474 2437 scutum
488 2383 644 2436 versatum
659 2377 767 2436 leniter
780 2393 854 2437 aura

225 2458 354 2519 Decidit
383 2475 402 2518 a
416 2460 532 2535 populo
556 2461 672 2520 clamor
685 2460 727 2519 ad
741 2465 825 2520 astra
839 2462 931 2521 venit.
952 2456 954 2461 ’

117 2549 168 2605 375
183 2543 271 2601 Tollit
286 2543 377 2602 humo
393 2560 503 2604 munus
520 2559 612 2604 caesa
626 2545 713 2620 prius
728 2542 779 2602 ille
794 2543 934 2618 iuvenca,

225 2625 309 2699 Quae
323 2626 451 2686 dederat
464 2626 537 2687 nulli
552 2629 632 2687 colla
647 2627 815 2703 premenda
827 2627 909 2703 iugo,

184 2710 286 2783 Atque
301 2710 399 2770 ancile
413 2718 518 2782 vocat,
543 2711 627 2784 quod
642 2711 680 2770 ab
696 2710 778 2770 omni
793 2718 879 2786 parte
893 2713 1026 2774 recisum
1040 2722 1092 2789 est.

227 2792 354 2868 Quaque
368 2799 456 2854 notes
472 2793 578 2868 oculis,
601 2795 731 2869 angulus
746 2794 845 2854 onmis
860 2795 958 2856 abest.

100 2912 104 2915 -
183 2876 268 2949 Tum,
282 2892 399 2936 mernor
414 2876 533 2953 imperii
547 2885 662 2939 sortem
676 2877 846 2938 consistere
861 2878 891 2937 in
908 2879 970 2956 illo,

113 2967 165 3021 380
223 2960 388 3020 Consilium
403 2961 515 3020 multae
530 2961 701 3020 calliditatis
716 2960 779 3020 init

183 3043 273 3102 Plura
286 3042 371 3105 iubet
384 3043 450 3104 fleri
466 3044 556 3104 simili
572 3047 688 3106 caelata
701 3043 809 3119 figura,

223 3126 316 3187 Error
330 3134 363 3187 ut
377 3134 447 3187 ante
461 3129 569 3189 oculos
584 3128 756 3189 insidiantis
773 3135 831 3188 eat.

183 3209 364 3285 Mamurius,
386 3226 503 3271 morum
522 3211 664 3273 'abraene
678 3211 814 3271 exactior
828 3212 911 3287 artis,

224 3293 356 3354 Dilllcile
371 3301 432 3366 est,
448 3295 529 3369 illud
548 3295 660 3370 dicere,
675 3295 784 3355 clausit
798 3310 887 3370 opus.

118 3382 170 3437 181
184 3375 238 3437 cui
251 3376 349 3437 Numa
363 3378 524 3438 munillcus
543 3378 636 3440 *Facti
650 3385 721 3455 peto
734 3378 883 3453 praemia’
899 3378 990 3441 dixit·

228 3458 274 3519 ‘Si
288 3476 357 3520 meo
370 3467 443 3520 noto
456 3461 534 3522 lidos
560 3462 649 3522 imita
663 3461 746 3524 nulla
758 3467 869 3538 petes?
