2318 3960
369 235 412 309 u,
436 231 471 308 t,
494 210 613 310 ne-a,
634 233 685 296 ta.
977 230 1038 297 tre

109 393 162 452 Est
175 388 307 463 aliquid,
325 395 466 464 spectare
481 386 558 447 deos
573 393 605 446 et
618 386 731 445 adesse
748 395 864 463 putare,

52 471 818 547 mmmmmmmmw.

105 565 155 618 An
171 557 294 616 tandem
307 554 400 631 redii,
417 567 474 614 nee
488 568 538 613 me
556 558 638 613 tenet
652 553 757 614 ultima
771 556 869 627 tellus,

149 641 250 715 thue
262 639 364 715 prius,
378 637 481 698 media
494 645 608 713 sospes
622 636 653 696 in
668 637 750 698 Urbe
764 645 888 699 morort

109 724 278 784 caesareos
292 722 386 783 video
399 723 517 795 vultus,
533 723 700 781 volutante
713 721 872 783 videbam=

150 807 211 866 Vix
225 806 315 867 huius
330 805 393 865 voti
407 821 481 881 spes
496 804 551 864 luit
562 805 626 865 ulla
639 804 721 865 mihi.
773 817 776 826 ’

58 901 92 950 15
107 891 209 966 thue
223 889 394 950 salutabam
412 904 522 949 numen
541 889 688 962 caeleste,
705 889 821 948 saluto.-

152 973 241 1046 Quod
255 973 359 1034 reduci
373 971 506 1044 tribuas,
523 971 579 1044 nil,
596 978 685 1047 puto,
702 972 801 1031 maius
816 971 922 1031 habes.

114 1058 194 1132 Quid
208 1055 322 1118 nostris
339 1056 437 1117 oeulis
452 1056 511 1117 nisi
525 1056 593 1115 sola
607 1054 723 1114 Palatia
737 1055 868 1114 desantt

153 1139 208 1214 Qui
222 1143 325 1213 loeus,
342 1139 443 1200 ablato
459 1139 606 1209 caesare,
622 1137 693 1198 vilis
708 1137 773 1198 erit.

110 1227 198 1284 Hune
214 1239 272 1298 ego
292 1239 360 1284 eum
376 1230 528 1298 spectem,
549 1221 659 1283 videor
673 1221 746 1281 mihi
761 1235 887 1282 eernere
901 1221 1039 1283 Romam.

54 1323 94 1372 20
151 1307 226 1367 Nam
242 1308 360 1383 patriae
374 1307 484 1367 taciem
498 1306 630 1366 sustinet
643 1305 694 1365 ille
708 1320 794 1365 suae.

108 1392 224 1466 Pallor,
240 1407 278 1450 an
293 1389 361 1450 irati
375 1390 448 1451 mihi
463 1397 534 1450 sunt
547 1390 577 1448 in
592 1389 724 1462 imagine
741 1389 852 1462 vultus,

152 1474 314 1549 Torvaque
326 1474 433 1536 neseio
450 1473 524 1550 quid
540 1474 637 1532 torma
651 1472 794 1532 minantis
809 1469 921 1532 habett

109 1559 220 1630 Parce,
235 1558 284 1617 vir
296 1557 436 1619 inmenso
451 1556 549 1618 maior
562 1556 723 1617 virtutibus
744 1555 828 1629 orbe,

155 1643 298 1719 iustaque
312 1641 464 1702 vindictae
479 1641 636 1716 supprime
655 1641 720 1701 lora
733 1647 813 1701 tuae.

55 1734 92 1786 25
108 1725 218 1800 Parce,
234 1741 360 1801 precor,
375 1726 469 1786 saeoll
488 1726 585 1785 decus
605 1723 769 1783 indelebile
784 1723 889 1797 nostri,

152 1811 313 1870 Terrarum
328 1808 482 1869 dominum
499 1824 589 1885 quem
608 1824 664 1867 sua
678 1822 752 1867 eura
766 1806 847 1867 lacit.

111 1893 168 1953 Per
183 1893 300 1968 patriae
314 1907 441 1967 nomen,
478 1899 581 1952 uaete
595 1891 648 1951 tibi
663 1891 764 1950 earior
778 1890 848 1965 ipso
867 1898 923 1963 est,

154 1977 212 2035 Per
227 1992 393 2051 numquam
407 1911 521 2038 surgas
536 1976 566 2035 in
581 1982 634 2035 tua
653 1981 725 2034 vota
740 1974 828 2046 deos,

112 2062 231 2136 Perque
248 2059 306 2122 tori
321 2060 451 2135 sociam,
468 2073 547 2136 quae
561 2075 619 2134 par
631 2057 684 2119 tibi
704 2057 773 2117 sola
786 2064 907 2132 reperta
922 2065 977 2129 est,

57 2149 96 2202 30
154 2144 191 2202 Et
205 2144 253 2204 oui
267 2143 413 2204 maiestas
432 2158 502 2202 non·
512 2157 645 2203 onerosa
658 2149 711 2201 tua
730 2146 801 2209 este,

112 2229 230 2304 Perque
245 2227 298 2288 tibi
313 2226 442 2288 similem
456 2227 575 2287 virtutis
591 2226 722 2301 imagine
736 2232 849 2296 natum,

62 2386 66 2392 q
154 2311 292 2372 Moribus
307 2311 456 2386 adgnosci
473 2310 524 2386 qui
539 2317 610 2372 tuus
625 2324 697 2370 esse
712 2315 824 2383 potest,

112 2397 233 2471 Perque
245 2401 333 2468 tuos,
349 2396 398 2454 vel
413 2411 472 2454 avo
488 2395 614 2468 dignos,
629 2393 679 2452 vel
695 2400 782 2468 patre
797 2399 936 2468 nepotes,

158 2479 214 2553 Qui
231 2479 354 2539 veniunt
367 2493 478 2553 magno
493 2493 550 2554 per
561 2485 614 2538 tua
629 2477 715 2536 iussa
728 2477 839 2552 gratu:

63 2574 101 2627 35
116 2565 204 2624 Parte
219 2563 287 2622 leva
301 2561 424 2622 minima
438 2568 559 2621 nostras
573 2568 603 2620 et
620 2559 766 2620 contrahe
780 2575 907 2635 poenas,

156 2649 279 2722 Daque,
294 2647 401 2721 proeul
417 2645 564 2722 Scythico
581 2644 631 2720 qui
647 2645 686 2702 sit
700 2644 739 2702 ab
753 2644 858 2714 hoste,
875 2644 976 2702 locum

114 2733 153 2791 Et
166 2740 233 2802 tua,
249 2730 275 2789 si
290 2731 337 2791 las
352 2736 413 2801 est,
430 2745 448 2788 a
468 2728 599 2788 Caesare
615 2727 753 2802 proxime
769 2726 891 2800 Caesar,

157 2815 287 2874 Numina
301 2815 361 2874 sint
376 2813 517 2889 precibus
533 2828 594 2871 non
610 2810 731 2871 inimica
745 2810 831 2869 meis.

118 2896 169 2958 Sie
183 2898 249 2957 iera
264 2896 485 2973 quamprimum
501 2895 614 2972 pavido
627 2894 789 2954 Germania
808 2892 894 2952 vultu

59 2993 98 3045 to
159 2984 237 3041 Ante
255 2981 467 3057 triumphantis
484 2995 575 3040 serva
589 2979 703 3038 teratur
717 2992 833 3052 equos:

119 3064 169 3125 Sia
185 3072 272 3140 pater
285 3065 314 3124 in
329 3064 449 3142 PylioS‚
467 3064 616 3124 Cumaeos
632 3067 728 3120 mater
742 3060 772 3118 in
788 3074 885 3118 annos

159 3149 288 3222 Vivant,
305 3156 336 3209 et
349 3149 454 3224 possis
469 3148 550 3207 fitius
565 3161 636 3206 esse
654 3144 716 3204 diu.

116 3233 160 3292 Tu
176 3247 316 3308 quoque,
332 3232 519 3294 conveniens
534 3229 648 3305 ingenti
661 3233 757 3303 nupta
772 3225 888 3297 marito,

159 3317 276 3392 Accipe
291 3332 353 3376 non
369 3318 446 3377 dura
460 3314 609 3391 supplicis
627 3327 702 3372 aure
715 3325 835 3386 preces.

58 3412 98 3465 aa
116 3399 168 3461 Sia
181 3399 235 3461 tibi
250 3400 298 3459 vir
312 3415 440 3475 sospes,
455 3400 502 3459 sie
517 3398 578 3458 sint
595 3412 663 3458 eum
681 3395 769 3471 prole
783 3401 920 3469 nepotes,

162 3483 298 3560 Cumque
311 3484 402 3544 bonis
421 3484 545 3544 nuribus
564 3480 647 3558 quod
662 3494 812 3556 peperere
831 3494 938 3538 nurus.
