2318 3960
100 213 162 277 ³00
479 209 736 276 FAsroltula

117 376 171 432 175Ἶ
180 367 221 428 At
236 374 398 442 postquam
413 367 510 427 virtus
526 366 613 426 annis
628 364 778 437 adolevit,
801 364 831 423 in
846 380 941 440 apros

221 452 323 530 Audet
338 455 368 509 ct
380 449 515 510 hirsutas
531 449 700 510 comminus
714 449 759 507 ire
773 449 864 507 laras.

180 535 321 608 Dumque
336 534 411 609 petit
425 533 558 594 latebras
574 533 674 593 foetae
689 532 868 606 catulosque
883 531 1020 608 leaenae,

220 619 291 693 lpse
307 617 361 678 luit
374 617 510 697 Libycae
524 617 641 692 praeda
656 621 781 676 cruenta
794 616 887 675 ferae.

180 701 277 761 Mater
291 701 396 777 Hyan,
412 708 442 761 et
455 702 546 779 Hyan
560 705 696 760 maestae
710 697 826 760 flevere
840 714 978 774 sorores,

117 794 166 848 180
224 785 441 859 Cervicemque
457 786 530 859 polo
545 783 763 859 suppositurus
777 783 875 844 Atlas.

180 869 288 928 Victus
302 874 431 942 uterque
446 883 559 941 parens
574 875 675 927 tumen
688 873 736 926 est
750 866 863 940 pietate
879 881 1040 928 sororum=

221 953 275 1011 Illa
291 951 376 1010 dedit
390 952 522 1024 caelum,
537 951 661 1012 nomina
676 949 748 1009 lecit
761 950 858 1029 Hyas.

181 1035 298 1109 εΜ1111,
320 1035 405 1108 ades,
428 1031 549 1109 florum,
570 1035 651 1095 ludis
666 1033 850 1094 celebranda
868 1035 1000 1097 iocosis!

221 1119 404 1179 Distuleram
421 1126 524 1194 partes
537 1133 645 1178 mense
658 1117 761 1192 priore
775 1124 854 1178 tuas.

116 1213 164 1269 185
178 1203 291 1279 Incipis
305 1202 419 1278 Aprili,
434 1203 547 1262 transis
562 1202 746 1276 intempore
762 1201 833 1260 Mai.

223 1287 307 1346 Alter
321 1293 351 1346 te
366 1286 502 1361 lugiens,
518 1301 588 1346 curn
601 1286 700 1359 venit,
718 1286 794 1344 alter
807 1285 909 1347 habet.
961 1303 964 1305 ’

182 1370 256 1431 Cum
271 1379 323 1431 tua
337 1371 398 1430 sint
412 1370 584 1444 cedantque
598 1368 652 1430 tibi
667 1368 801 1429 confinia
816 1385 965 1446 mensum,

224 1454 372 1514 Convenit
386 1455 417 1513 in
433 1453 540 1515 laudes
555 1452 606 1513 ille
620 1455 670 1512 vel
684 1453 735 1512 illc
755 1460 835 1514 tuas.
881 1491 884 1495 -

183 1539 286 1598 Circus
302 1539 332 1597 in
347 1538 428 1599 hunc
443 1538 506 1598 exit
518 1537 711 1610 clamataque
726 1537 828 1611 palma
843 1537 986 1599 theatrisz

120 1632 167 1687 190
219 1623 286 1681 Hoc
302 1636 425 1697 quoque
440 1637 507 1681 oum
524 1621 601 1681 Circi
615 1635 742 1681 munere
756 1635 878 1680 cannen
894 1630 953 1682 eat

181 1708 254 1782 Ipsa
269 1705 361 1777 doce,
380 1720 458 1780 quae
473 1705 528 1766 sis.
552 1703 707 1763 hominum
721 1705 872 1765 sententia
886 1706 979 1766 fallax

224 1788 342 1865 Optima
356 1795 389 1849 tu
404 1788 519 1864 proprii
536 1788 669 1849 nominis
684 1794 791 1849 auctor
805 1789 890 1849 eris.’

181 1872 232 1934 Sic
247 1888 316 1947 ego.
346 1872 391 1932 sic
405 1873 518 1933 nostris
533 1872 695 1948 respondit
708 1872 780 1932 diva
794 1873 924 1948 rogatis:

221 1956 300 2016 Dum
315 1955 462 2032 loquitur,
484 1972 596 2018 vernus
611 1955 696 2016 eldat
710 1955 748 2016 ab
766 1971 819 2016 ore
833 1972 934 2018 rosas.

116 2050 163 2104 195
179 2040 310 2101 ‘Chloris
325 2055 423 2114 eram,
446 2056 525 2116 quae
538 2039 628 2100 Flora
644 2055 747 2101 vocor.
777 2048 920 2117 corrupta
933 2041 1039 2102 Latino

222 2123 359 2185 Nominis
375 2131 423 2185 est
437 2124 533 2184 nostri
548 2124 646 2184 littera
661 2125 779 2184 Graeca
795 2141 884 2185 sono.

183 2208 301 2270 Chloris
319 2225 411 2284 eram,
431 2207 567 2286 nymphe
583 2209 682 2284 campi
699 2209 810 2283 lclicis,
832 2209 885 2270 ubi
900 2210 991 2270 audis

223 2296 299 2354 Rcrn
314 2293 472 2352 fortunatis
488 2293 669 2352 antefuisse
684 2293 768 2352 viris.

182 2378 264 2452 Quae
280 2375 369 2436 luerit
381 2374 453 2435 mihi
468 2377 580 2449 forma,
601 2391 695 2450 grave
710 2383 757 2436 est
772 2391 896 2437 narrare
914 2374 1075 2438 modestae

115 2472 167 2525 200
223 2460 286 2521 Sed
301 2474 446 2534 generum
461 2459 549 2518 matri
561 2460 697 2534 repperit
711 2459 761 2519 illa
776 2460 877 2520 deum.

181 2547 245 2603 Ver
259 2549 338 2615 erat,
354 2542 507 2603 errabam:
530 2541 691 2620 Zephyrus
708 2544 884 2620 conspexit,
900 2543 1030 2606 abibam.

222 2627 409 2703 Insequitur,
432 2627 526 2700 rugio.
555 2626 661 2686 tortior
675 2628 725 2686 1111
742 2627 804 2688 luit.

181 2712 217 2770 Et
232 2711 358 2771 dederat
372 2711 455 2769 fratri
469 2711 586 2771 Boreas
601 2710 648 2770 ius
663 2725 752 2771 omne
766 2711 902 2785 rapinae,
965 2756 968 2762 .

220 2796 327 2854 Ausus
341 2793 512 2853 Erechthea
526 2794 663 2868 praemia
676 2796 755 2853 11111
770 2794 872 2853 domo.

115 2889 166 2942 105
181 2878 250 2937 Vim
265 2884 365 2937 tamen
381 2876 522 2937 emendat
537 2877 640 2937 dando
655 2878 727 2936 mihi
742 2878 864 2937 nomina
879 2886 1001 2954 nuptae,

221 2963 318 3035 inque
331 2977 400 3021 mco
416 2976 477 3020 non
493 2967 541 3020 est
560 2961 622 3021 ulla
638 2960 774 3035 querella
786 2967 865 3021 toro.

185 3047 262 3104 Vere
277 3045 361 3103 lruor
376 3058 507 3118 semper.
537 3059 660 3119 semper
673 3044 873 3106 nitidissimus
889 3060 996 3119 annus,

219 3128 321 3188 Arbor
335 3127 427 3188 habet
441 3128 581 3203 lrondcs,
605 3127 718 3202 pabula
732 3143 854 3204 semper
868 3129 989 3190 humus.

181 3211 236 3271 Est
250 3211 321 3271 mihi
338 3211 509 3271 foecundus
525 3211 678 3272 dotalibus
694 3212 801 3272 hortus
816 3213 846 3271 in
862 3213 960 3287 agrist

115 3305 168 3358 11)
219 3296 304 3354 Aura
318 3296 409 3369 lovel,
433 3295 567 3370 liquidae
581 3294 665 3356 fonte
678 3297 794 3370 rigatur
808 3311 917 3370 aquae.

181 3378 269 3440 Hunc
283 3393 370 3439 meus
385 3378 521 3454 implevit
534 3393 686 3454 generoso
701 3378 779 3439 flore
791 3379 928 3450 maritus,

221 3464 324 3537 Atque
339 3462 393 3536 ait,
416 3461 606 3523 “Arbitrium
619 3469 665 3538 tu,
681 3463 754 3537 dea,
778 3461 864 3523 lloris
878 3462 995 3523 habc.”
