<?xml version="1.0" encoding="UTF-8"?>
<!DOCTYPE html PUBLIC "-//W3C//DTD XHTML 1.0 Transitional//EN"
    "http://www.w3.org/TR/xhtml1/DTD/xhtml1-transitional.dtd">
<html xmlns="http://www.w3.org/1999/xhtml" xml:lang="en" lang="en">
 <head>
  <title>
</title>
<meta http-equiv="Content-Type" content="text/html;charset=utf-8" />
  <meta name='ocr-system' content='tesseract 3.04.00' />
  <meta name='ocr-capabilities' content='ocr_page ocr_carea ocr_par ocr_line ocrx_word'/>
</head>
<body>
  <div class='ocr_page' id='page_1' title='image "./povidiusnasoexr00merkgoog_0212.png"; bbox 0 0 2318 3960; ppageno 0'>
   <div class='ocr_carea' id='block_1_1' title="bbox 357 169 708 248">
    <p class='ocr_par' dir='ltr' id='par_1_1' title="bbox 357 169 708 248">
     <span class='ocr_line' id='line_1_1' title="bbox 357 169 708 248; baseline -0.009 -15"><span class='ocrx_word' id='word_1_1' title='bbox 357 173 416 248; x_wconf 89' lang='lat' dir='ltr'>IV,</span> <span class='ocrx_word' id='word_1_2' title='bbox 439 170 495 246; x_wconf 78' lang='lat'>12,</span> <span class='ocrx_word' id='word_1_3' title='bbox 518 169 637 247; x_wconf 86' lang='lat'>1-13,</span> <span class='ocrx_word' id='word_1_4' title='bbox 657 171 708 232; x_wconf 73' lang='lat'>22.</span> 
     </span>
    </p>
   </div>
   <div class='ocr_carea' id='block_1_2' title="bbox 56 323 1041 1490">
    <p class='ocr_par' dir='ltr' id='par_1_2' title="bbox 56 323 1041 1490">
     <span class='ocr_line' id='line_1_2' title="bbox 103 323 865 401; baseline -0.005 -14"><span class='ocrx_word' id='word_1_5' title='bbox 103 326 201 401; x_wconf 87' lang='lat' dir='ltr'>Quam</span> <span class='ocrx_word' id='word_1_6' title='bbox 215 329 267 387; x_wconf 88' lang='lat' dir='ltr'>tua</span> <span class='ocrx_word' id='word_1_7' title='bbox 284 323 345 384; x_wconf 87' lang='lat' dir='ltr'>sint</span> <span class='ocrx_word' id='word_1_8' title='bbox 359 325 449 400; x_wconf 94' lang='lat' dir='ltr'>lapso</span> <span class='ocrx_word' id='word_1_9' title='bbox 465 324 649 400; x_wconf 87' lang='lat' dir='ltr'>praecordia</span> <span class='ocrx_word' id='word_1_10' title='bbox 663 325 740 384; x_wconf 88' lang='lat' dir='ltr'>dura</span> <span class='ocrx_word' id='word_1_11' title='bbox 754 327 865 387; x_wconf 89' lang='lat' dir='ltr'>sodali.</span> 
     </span>
     <span class='ocr_line' id='line_1_3' title="bbox 145 407 858 483; baseline -0.003 -13"><span class='ocrx_word' id='word_1_12' title='bbox 145 409 202 470; x_wconf 90' lang='lat' dir='ltr'>Hic</span> <span class='ocrx_word' id='word_1_13' title='bbox 217 411 356 469; x_wconf 92' lang='lat' dir='ltr'>cumulus</span> <span class='ocrx_word' id='word_1_14' title='bbox 371 409 485 469; x_wconf 90' lang='lat' dir='ltr'>nostris</span> <span class='ocrx_word' id='word_1_15' title='bbox 501 407 581 468; x_wconf 85' lang='lat' dir='ltr'>absit</span> <span class='ocrx_word' id='word_1_16' title='bbox 596 407 746 483; x_wconf 90' lang='lat' dir='ltr'>abestque</span> <span class='ocrx_word' id='word_1_17' title='bbox 760 411 858 470; x_wconf 89' lang='lat' dir='ltr'>malis.</span> 
     </span>
     <span class='ocr_line' id='line_1_4' title="bbox 102 493 976 570; baseline 0 -15"><span class='ocrx_word' id='word_1_18' title='bbox 102 497 149 555; x_wconf 88' lang='lat' dir='ltr'>Tu</span> <span class='ocrx_word' id='word_1_19' title='bbox 163 493 256 552; x_wconf 92' lang='lat' dir='ltr'>modo</span> <span class='ocrx_word' id='word_1_20' title='bbox 272 508 329 568; x_wconf 91' lang='lat' dir='ltr'>per</span> <span class='ocrx_word' id='word_1_21' title='bbox 344 508 484 567; x_wconf 92' lang='lat' dir='ltr'>superos,</span> <span class='ocrx_word' id='word_1_22' title='bbox 506 507 636 566; x_wconf 88' lang='lat' dir='ltr'>quornm</span> <span class='ocrx_word' id='word_1_23' title='bbox 651 493 840 554; x_wconf 89' lang='lat' dir='ltr'>certissimus</span> <span class='ocrx_word' id='word_1_24' title='bbox 855 494 906 555; x_wconf 92' lang='lat' dir='ltr'>ille</span> <span class='ocrx_word' id='word_1_25' title='bbox 920 500 976 570; x_wconf 85' lang='lat' dir='ltr'>est,</span> 
     </span>
     <span class='ocr_line' id='line_1_5' title="bbox 56 575 830 652; baseline -0.008 -10"><span class='ocrx_word' id='word_1_26' title='bbox 56 588 96 642; x_wconf 81' lang='lat'>40</span> <span class='ocrx_word' id='word_1_27' title='bbox 151 577 217 651; x_wconf 85' lang='lat' dir='ltr'>Quo</span> <span class='ocrx_word' id='word_1_28' title='bbox 232 582 302 637; x_wconf 87' lang='lat' dir='ltr'>tuus</span> <span class='ocrx_word' id='word_1_29' title='bbox 319 576 444 636; x_wconf 88' lang='lat' dir='ltr'>assidue</span> <span class='ocrx_word' id='word_1_30' title='bbox 459 575 598 650; x_wconf 80' lang='lat' dir='ltr'>principe</span> <span class='ocrx_word' id='word_1_31' title='bbox 614 576 709 636; x_wconf 89' lang='lat' dir='ltr'>crevit</span> <span class='ocrx_word' id='word_1_32' title='bbox 722 577 830 652; x_wconf 87' lang='lat' dir='ltr'>honor,</span> 
     </span>
     <span class='ocr_line' id='line_1_6' title="bbox 103 659 813 736; baseline -0.001 -15"><span class='ocrx_word' id='word_1_33' title='bbox 103 661 202 721; x_wconf 81' lang='lat' dir='ltr'>Effice</span> <span class='ocrx_word' id='word_1_34' title='bbox 216 660 368 720; x_wconf 78' lang='lat' dir='ltr'><strong>constanti</strong></span> <span class='ocrx_word' id='word_1_35' title='bbox 384 659 547 735; x_wconf 79' lang='lat' dir='ltr'>profugum</span> <span class='ocrx_word' id='word_1_36' title='bbox 562 659 675 734; x_wconf 89' lang='lat' dir='ltr'>pietate</span> <span class='ocrx_word' id='word_1_37' title='bbox 689 662 813 736; x_wconf 92' lang='lat' dir='ltr'>tuendo,</span> 
     </span>
     <span class='ocr_line' id='line_1_7' title="bbox 143 744 786 820; baseline -0.003 -16"><span class='ocrx_word' id='word_1_38' title='bbox 143 745 189 804; x_wconf 92' lang='lat' dir='ltr'>Ne</span> <span class='ocrx_word' id='word_1_39' title='bbox 204 751 327 820; x_wconf 88' lang='lat' dir='ltr'>sperata</span> <span class='ocrx_word' id='word_1_40' title='bbox 341 760 441 804; x_wconf 87' lang='lat' dir='ltr'>meam</span> <span class='ocrx_word' id='word_1_41' title='bbox 456 744 578 802; x_wconf 89' lang='lat' dir='ltr'>deserat</span> <span class='ocrx_word' id='word_1_42' title='bbox 593 760 667 804; x_wconf 86' lang='lat' dir='ltr'>aura</span> <span class='ocrx_word' id='word_1_43' title='bbox 680 751 786 804; x_wconf 91' lang='lat' dir='ltr'>ratem.</span> 
     </span>
     <span class='ocr_line' id='line_1_8' title="bbox 104 827 1041 904; baseline 0.001 -16"><span class='ocrx_word' id='word_1_44' title='bbox 104 829 183 903; x_wconf 84' lang='lat' dir='ltr'>Quid</span> <span class='ocrx_word' id='word_1_45' title='bbox 198 829 355 904; x_wconf 84' lang='lat' dir='ltr'><strong>mandem,</strong></span> <span class='ocrx_word' id='word_1_46' title='bbox 378 827 523 902; x_wconf 83' lang='lat' dir='ltr'>quaeris‘l</span> <span class='ocrx_word' id='word_1_47' title='bbox 544 843 682 902; x_wconf 91' lang='lat' dir='ltr'>peream,</span> <span class='ocrx_word' id='word_1_48' title='bbox 705 829 765 888; x_wconf 94' lang='lat' dir='ltr'>nisi</span> <span class='ocrx_word' id='word_1_49' title='bbox 781 828 883 888; x_wconf 79' lang='lat' dir='ltr'>dicere</span> <span class='ocrx_word' id='word_1_50' title='bbox 899 828 950 888; x_wconf 88' lang='lat' dir='ltr'>vix</span> <span class='ocrx_word' id='word_1_51' title='bbox 965 835 1041 889; x_wconf 81' lang='lat' dir='ltr'>est..</span> 
     </span>
     <span class='ocr_line' id='line_1_9' title="bbox 146 911 803 988; baseline -0.002 -16"><span class='ocrx_word' id='word_1_52' title='bbox 146 911 180 972; x_wconf 90' lang='lat' dir='ltr'>Si</span> <span class='ocrx_word' id='word_1_53' title='bbox 194 912 297 986; x_wconf 91' lang='lat' dir='ltr'>modo,</span> <span class='ocrx_word' id='word_1_54' title='bbox 321 912 372 988; x_wconf 92' lang='lat' dir='ltr'>qui</span> <span class='ocrx_word' id='word_1_55' title='bbox 387 911 485 987; x_wconf 87' lang='lat' dir='ltr'>periit,</span> <span class='ocrx_word' id='word_1_56' title='bbox 509 911 559 971; x_wconf 90' lang='lat' dir='ltr'>ille</span> <span class='ocrx_word' id='word_1_57' title='bbox 576 912 677 987; x_wconf 90' lang='lat' dir='ltr'>perire</span> <span class='ocrx_word' id='word_1_58' title='bbox 692 919 803 988; x_wconf 91' lang='lat' dir='ltr'>potest.</span> 
     </span>
     <span class='ocr_line' id='line_1_10' title="bbox 57 995 1017 1072; baseline -0.004 -12"><span class='ocrx_word' id='word_1_59' title='bbox 57 1008 94 1060; x_wconf 82' lang='lat'>45</span> <span class='ocrx_word' id='word_1_60' title='bbox 105 997 178 1067; x_wconf 89' lang='lat' dir='ltr'>Nec,</span> <span class='ocrx_word' id='word_1_61' title='bbox 203 997 277 1072; x_wconf 90' lang='lat' dir='ltr'>quid</span> <span class='ocrx_word' id='word_1_62' title='bbox 292 1011 390 1070; x_wconf 81' lang='lat' dir='ltr'>agam,</span> <span class='ocrx_word' id='word_1_63' title='bbox 412 995 544 1068; x_wconf 79' lang='lat' dir='ltr'>Invenio,</span> <span class='ocrx_word' id='word_1_64' title='bbox 567 1011 625 1055; x_wconf 91' lang='lat' dir='ltr'>nec</span> <span class='ocrx_word' id='word_1_65' title='bbox 641 996 715 1070; x_wconf 92' lang='lat' dir='ltr'>quid</span> <span class='ocrx_word' id='word_1_66' title='bbox 729 997 863 1057; x_wconf 86' lang='lat' dir='ltr'>nolimve</span> <span class='ocrx_word' id='word_1_67' title='bbox 876 997 1017 1072; x_wconf 90' lang='lat' dir='ltr'>velimve,</span> 
     </span>
     <span class='ocr_line' id='line_1_11' title="bbox 143 1079 755 1141; baseline -0.002 -2"><span class='ocrx_word' id='word_1_68' title='bbox 143 1080 206 1140; x_wconf 92' lang='lat' dir='ltr'>Nec</span> <span class='ocrx_word' id='word_1_69' title='bbox 221 1081 297 1141; x_wconf 86' lang='lat' dir='ltr'>satis</span> <span class='ocrx_word' id='word_1_70' title='bbox 311 1080 425 1141; x_wconf 89' lang='lat' dir='ltr'>utilitas</span> <span class='ocrx_word' id='word_1_71' title='bbox 442 1086 489 1140; x_wconf 87' lang='lat' dir='ltr'>est</span> <span class='ocrx_word' id='word_1_72' title='bbox 504 1094 571 1138; x_wconf 91' lang='lat' dir='ltr'>mea</span> <span class='ocrx_word' id='word_1_73' title='bbox 585 1087 658 1139; x_wconf 89' lang='lat' dir='ltr'>nota</span> <span class='ocrx_word' id='word_1_74' title='bbox 672 1079 755 1139; x_wconf 90' lang='lat' dir='ltr'>mihi.</span> 
     </span>
     <span class='ocr_line' id='line_1_12' title="bbox 105 1162 911 1239; baseline 0 -15"><span class='ocrx_word' id='word_1_75' title='bbox 105 1164 204 1224; x_wconf 83' lang='lat' dir='ltr'>Crede</span> <span class='ocrx_word' id='word_1_76' title='bbox 218 1163 300 1237; x_wconf 88' lang='lat' dir='ltr'>mihi,</span> <span class='ocrx_word' id='word_1_77' title='bbox 323 1165 455 1224; x_wconf 91' lang='lat' dir='ltr'>miseros</span> <span class='ocrx_word' id='word_1_78' title='bbox 470 1163 632 1239; x_wconf 89' lang='lat' dir='ltr'>prudentia</span> <span class='ocrx_word' id='word_1_79' title='bbox 646 1165 745 1238; x_wconf 91' lang='lat' dir='ltr'>prima</span> <span class='ocrx_word' id='word_1_80' title='bbox 760 1162 911 1239; x_wconf 88' lang='lat' dir='ltr'>relinquit,</span> 
     </span>
     <span class='ocr_line' id='line_1_13' title="bbox 144 1247 779 1322; baseline 0.002 -16"><span class='ocrx_word' id='word_1_81' title='bbox 144 1248 182 1306; x_wconf 82' lang='lat' dir='ltr'>Et</span> <span class='ocrx_word' id='word_1_82' title='bbox 196 1263 308 1308; x_wconf 88' lang='lat' dir='ltr'>sensus</span> <span class='ocrx_word' id='word_1_83' title='bbox 324 1265 392 1309; x_wconf 94' lang='lat' dir='ltr'>cum</span> <span class='ocrx_word' id='word_1_84' title='bbox 406 1263 441 1306; x_wconf 92' lang='lat' dir='ltr'>re</span> <span class='ocrx_word' id='word_1_85' title='bbox 456 1247 680 1321; x_wconf 85' lang='lat' dir='ltr'>consiliumque</span> <span class='ocrx_word' id='word_1_86' title='bbox 695 1248 779 1322; x_wconf 82' lang='lat' dir='ltr'>sugit.</span> 
     </span>
     <span class='ocr_line' id='line_1_14' title="bbox 104 1330 995 1409; baseline 0.002 -20"><span class='ocrx_word' id='word_1_87' title='bbox 104 1332 185 1408; x_wconf 90' lang='lat' dir='ltr'>lpse,</span> <span class='ocrx_word' id='word_1_88' title='bbox 209 1346 328 1407; x_wconf 86' lang='lat' dir='ltr'>precor,</span> <span class='ocrx_word' id='word_1_89' title='bbox 353 1347 494 1409; x_wconf 91' lang='lat' dir='ltr'>quaeras,</span> <span class='ocrx_word' id='word_1_90' title='bbox 518 1347 579 1407; x_wconf 89' lang='lat' dir='ltr'>qua</span> <span class='ocrx_word' id='word_1_91' title='bbox 593 1332 651 1390; x_wconf 91' lang='lat' dir='ltr'>sim</span> <span class='ocrx_word' id='word_1_92' title='bbox 665 1331 718 1391; x_wconf 87' lang='lat' dir='ltr'>tibi</span> <span class='ocrx_word' id='word_1_93' title='bbox 734 1338 821 1408; x_wconf 86' lang='lat' dir='ltr'>parte</span> <span class='ocrx_word' id='word_1_94' title='bbox 834 1330 995 1407; x_wconf 85' lang='lat' dir='ltr'>iurandus,</span> 
     </span>
     <span class='ocr_line' id='line_1_15' title="bbox 58 1415 825 1490; baseline -0.007 -12"><span class='ocrx_word' id='word_1_95' title='bbox 58 1426 97 1478; x_wconf 86' lang='lat'>50</span> <span class='ocrx_word' id='word_1_96' title='bbox 150 1415 280 1490; x_wconf 90' lang='lat' dir='ltr'>Quoque</span> <span class='ocrx_word' id='word_1_97' title='bbox 296 1416 380 1475; x_wconf 89' lang='lat' dir='ltr'>viam</span> <span class='ocrx_word' id='word_1_98' title='bbox 395 1415 491 1475; x_wconf 83' lang='lat' dir='ltr'>iacias</span> <span class='ocrx_word' id='word_1_99' title='bbox 508 1415 547 1473; x_wconf 92' lang='lat' dir='ltr'>ad</span> <span class='ocrx_word' id='word_1_100' title='bbox 563 1431 632 1474; x_wconf 88' lang='lat' dir='ltr'>mea</span> <span class='ocrx_word' id='word_1_101' title='bbox 647 1423 718 1474; x_wconf 88' lang='lat' dir='ltr'>vota</span> <span class='ocrx_word' id='word_1_102' title='bbox 734 1416 825 1476; x_wconf 89' lang='lat' dir='ltr'>vado.</span> 
     </span>
    </p>
   </div>
   <div class='ocr_carea' id='block_1_3' title="bbox 16 1526 285 1622">
    <p class='ocr_par' dir='ltr' id='par_1_3' title="bbox 16 1526 285 1622">
     <span class='ocr_line' id='line_1_16' title="bbox 16 1526 285 1622; baseline 0.007 -5"><span class='ocrx_word' id='word_1_103' title='bbox 16 1526 92 1621; x_wconf 84' lang='lat'>13.</span> <span class='ocrx_word' id='word_1_104' title='bbox 150 1560 285 1622; x_wconf 76' lang='lat' dir='ltr'>cano.</span> 
     </span>
    </p>
   </div>
   <div class='ocr_carea' id='block_1_4' title="bbox 53 1642 972 3585">
    <p class='ocr_par' dir='ltr' id='par_1_4' title="bbox 53 1642 972 3585">
     <span class='ocr_line' id='line_1_17' title="bbox 110 1642 887 1755; baseline 0.004 -18"><span class='ocrx_word' id='word_1_105' title='bbox 110 1642 140 1737; x_wconf 77' lang='lat'>0</span> <span class='ocrx_word' id='word_1_106' title='bbox 154 1679 228 1739; x_wconf 90' lang='lat' dir='ltr'>mihi</span> <span class='ocrx_word' id='word_1_107' title='bbox 244 1693 306 1738; x_wconf 92' lang='lat' dir='ltr'>non</span> <span class='ocrx_word' id='word_1_108' title='bbox 321 1677 432 1738; x_wconf 90' lang='lat' dir='ltr'>dubios</span> <span class='ocrx_word' id='word_1_109' title='bbox 448 1679 526 1739; x_wconf 88' lang='lat' dir='ltr'>inter</span> <span class='ocrx_word' id='word_1_110' title='bbox 540 1680 738 1740; x_wconf 86' lang='lat' dir='ltr'>memorande</span> <span class='ocrx_word' id='word_1_111' title='bbox 752 1680 887 1755; x_wconf 86' lang='lat' dir='ltr'>sodales,</span> 
     </span>
     <span class='ocr_line' id='line_1_18' title="bbox 149 1764 885 1839; baseline -0.003 -16"><span class='ocrx_word' id='word_1_112' title='bbox 149 1764 276 1838; x_wconf 83' lang='lat' dir='ltr'>Quique,</span> <span class='ocrx_word' id='word_1_113' title='bbox 300 1764 384 1838; x_wconf 92' lang='lat' dir='ltr'>quod</span> <span class='ocrx_word' id='word_1_114' title='bbox 400 1779 434 1823; x_wconf 91' lang='lat' dir='ltr'>es</span> <span class='ocrx_word' id='word_1_115' title='bbox 449 1779 531 1839; x_wconf 91' lang='lat' dir='ltr'>vere,</span> <span class='ocrx_word' id='word_1_116' title='bbox 555 1764 638 1839; x_wconf 87' lang='lat' dir='ltr'>Care,</span> <span class='ocrx_word' id='word_1_117' title='bbox 661 1764 793 1839; x_wconf 89' lang='lat' dir='ltr'>vocaris,</span> <span class='ocrx_word' id='word_1_118' title='bbox 817 1779 885 1823; x_wconf 87' lang='lat' dir='ltr'>ave.</span> 
     </span>
     <span class='ocr_line' id='line_1_19' title="bbox 105 1846 865 1924; baseline -0.001 -17"><span class='ocrx_word' id='word_1_119' title='bbox 105 1848 196 1908; x_wconf 89' lang='lat' dir='ltr'>Unde</span> <span class='ocrx_word' id='word_1_120' title='bbox 211 1846 362 1920; x_wconf 90' lang='lat' dir='ltr'>saluteris,</span> <span class='ocrx_word' id='word_1_121' title='bbox 385 1849 471 1908; x_wconf 92' lang='lat' dir='ltr'>color</span> <span class='ocrx_word' id='word_1_122' title='bbox 484 1847 534 1906; x_wconf 92' lang='lat' dir='ltr'>hic</span> <span class='ocrx_word' id='word_1_123' title='bbox 548 1848 602 1908; x_wconf 88' lang='lat' dir='ltr'>libi</span> <span class='ocrx_word' id='word_1_124' title='bbox 617 1847 757 1924; x_wconf 89' lang='lat' dir='ltr'>protinus</span> <span class='ocrx_word' id='word_1_125' title='bbox 771 1849 865 1908; x_wconf 88' lang='lat' dir='ltr'>index</span> 
     </span>
     <span class='ocr_line' id='line_1_20' title="bbox 145 1931 799 2006; baseline -0.003 -16"><span class='ocrx_word' id='word_1_126' title='bbox 145 1931 184 1990; x_wconf 86' lang='lat' dir='ltr'>Et</span> <span class='ocrx_word' id='word_1_127' title='bbox 198 1937 350 1991; x_wconf 88' lang='lat' dir='ltr'>structura</span> <span class='ocrx_word' id='word_1_128' title='bbox 365 1931 424 1990; x_wconf 93' lang='lat' dir='ltr'>mei</span> <span class='ocrx_word' id='word_1_129' title='bbox 439 1932 582 1990; x_wconf 87' lang='lat' dir='ltr'>carminis</span> <span class='ocrx_word' id='word_1_130' title='bbox 599 1947 672 1991; x_wconf 91' lang='lat' dir='ltr'>esse</span> <span class='ocrx_word' id='word_1_131' title='bbox 688 1938 799 2006; x_wconf 89' lang='lat' dir='ltr'>potest.</span> 
     </span>
     <span class='ocr_line' id='line_1_21' title="bbox 74 2013 972 2092; baseline -0.002 -15"><span class='ocrx_word' id='word_1_132' title='bbox 74 2013 172 2078; x_wconf 81' lang='lat' dir='ltr'>5Non</span> <span class='ocrx_word' id='word_1_133' title='bbox 188 2015 260 2090; x_wconf 87' lang='lat' dir='ltr'>quia</span> <span class='ocrx_word' id='word_1_134' title='bbox 273 2013 400 2073; x_wconf 86' lang='lat' dir='ltr'>mirifica</span> <span class='ocrx_word' id='word_1_135' title='bbox 414 2021 469 2088; x_wconf 90' lang='lat' dir='ltr'>est,</span> <span class='ocrx_word' id='word_1_136' title='bbox 492 2016 550 2074; x_wconf 92' lang='lat' dir='ltr'>sed</span> <span class='ocrx_word' id='word_1_137' title='bbox 565 2016 650 2092; x_wconf 88' lang='lat' dir='ltr'>quod</span> <span class='ocrx_word' id='word_1_138' title='bbox 663 2030 721 2074; x_wconf 92' lang='lat' dir='ltr'>nec</span> <span class='ocrx_word' id='word_1_139' title='bbox 736 2015 860 2090; x_wconf 89' lang='lat' dir='ltr'>publica</span> <span class='ocrx_word' id='word_1_140' title='bbox 875 2023 972 2078; x_wconf 75' lang='lat' dir='ltr'>certe:</span> 
     </span>
     <span class='ocr_line' id='line_1_22' title="bbox 148 2097 948 2173; baseline -0.001 -14"><span class='ocrx_word' id='word_1_141' title='bbox 148 2099 252 2173; x_wconf 90' lang='lat' dir='ltr'>Qualis</span> <span class='ocrx_word' id='word_1_142' title='bbox 269 2097 349 2157; x_wconf 92' lang='lat' dir='ltr'>enim</span> <span class='ocrx_word' id='word_1_143' title='bbox 365 2113 495 2172; x_wconf 90' lang='lat' dir='ltr'>cumque</span> <span class='ocrx_word' id='word_1_144' title='bbox 510 2106 565 2172; x_wconf 90' lang='lat' dir='ltr'>est,</span> <span class='ocrx_word' id='word_1_145' title='bbox 588 2114 649 2158; x_wconf 93' lang='lat' dir='ltr'>non</span> <span class='ocrx_word' id='word_1_146' title='bbox 665 2100 737 2158; x_wconf 88' lang='lat' dir='ltr'>latet</span> <span class='ocrx_word' id='word_1_147' title='bbox 752 2115 822 2159; x_wconf 92' lang='lat' dir='ltr'>esse</span> <span class='ocrx_word' id='word_1_148' title='bbox 839 2115 948 2160; x_wconf 84' lang='lat' dir='ltr'>meam.</span> 
     </span>
     <span class='ocr_line' id='line_1_23' title="bbox 104 2182 963 2257; baseline 0.007 -17"><span class='ocrx_word' id='word_1_149' title='bbox 104 2183 177 2257; x_wconf 93' lang='lat' dir='ltr'>lpse</span> <span class='ocrx_word' id='word_1_150' title='bbox 193 2197 326 2256; x_wconf 88' lang='lat' dir='ltr'>quoque,</span> <span class='ocrx_word' id='word_1_151' title='bbox 349 2188 381 2241; x_wconf 89' lang='lat' dir='ltr'>ut</span> <span class='ocrx_word' id='word_1_152' title='bbox 396 2182 519 2242; x_wconf 89' lang='lat' dir='ltr'>chartae</span> <span class='ocrx_word' id='word_1_153' title='bbox 531 2183 648 2244; x_wconf 91' lang='lat' dir='ltr'>titulum</span> <span class='ocrx_word' id='word_1_154' title='bbox 664 2184 703 2242; x_wconf 96' lang='lat' dir='ltr'>de</span> <span class='ocrx_word' id='word_1_155' title='bbox 719 2183 817 2244; x_wconf 89' lang='lat' dir='ltr'>lronte</span> <span class='ocrx_word' id='word_1_156' title='bbox 831 2186 963 2248; x_wconf 84' lang='lat' dir='ltr'>revellas</span> 
     </span>
     <span class='ocr_line' id='line_1_24' title="bbox 146 2265 882 2343; baseline 0.004 -19"><span class='ocrx_word' id='word_1_157' title='bbox 146 2265 235 2339; x_wconf 90' lang='lat' dir='ltr'>Quod</span> <span class='ocrx_word' id='word_1_158' title='bbox 250 2267 289 2325; x_wconf 89' lang='lat' dir='ltr'>sit</span> <span class='ocrx_word' id='word_1_159' title='bbox 304 2281 399 2341; x_wconf 92' lang='lat' dir='ltr'>opus,</span> <span class='ocrx_word' id='word_1_160' title='bbox 419 2267 529 2327; x_wconf 88' lang='lat' dir='ltr'>videor</span> <span class='ocrx_word' id='word_1_161' title='bbox 543 2269 645 2327; x_wconf 90' lang='lat' dir='ltr'>dicere</span> <span class='ocrx_word' id='word_1_162' title='bbox 661 2283 765 2343; x_wconf 91' lang='lat' dir='ltr'>posse,</span> <span class='ocrx_word' id='word_1_163' title='bbox 788 2275 882 2329; x_wconf 90' lang='lat' dir='ltr'>tuum.</span> 
     </span>
     <span class='ocr_line' id='line_1_25' title="bbox 105 2349 854 2428; baseline 0.005 -18"><span class='ocrx_word' id='word_1_164' title='bbox 105 2349 276 2424; x_wconf 75' lang='lat' dir='ltr'>Quamlibet</span> <span class='ocrx_word' id='word_1_165' title='bbox 289 2349 320 2408; x_wconf 92' lang='lat' dir='ltr'>in</span> <span class='ocrx_word' id='word_1_166' title='bbox 335 2350 437 2413; x_wconf 91' lang='lat' dir='ltr'>multis</span> <span class='ocrx_word' id='word_1_167' title='bbox 453 2353 572 2425; x_wconf 86' lang='lat' dir='ltr'>positus</span> <span class='ocrx_word' id='word_1_168' title='bbox 588 2367 718 2411; x_wconf 87' lang='lat' dir='ltr'>noscere</span> <span class='ocrx_word' id='word_1_169' title='bbox 733 2352 854 2428; x_wconf 89' lang='lat' dir='ltr'>libellis,</span> 
     </span>
     <span class='ocr_line' id='line_1_26' title="bbox 57 2432 746 2508; baseline 0.003 -16"><span class='ocrx_word' id='word_1_170' title='bbox 57 2440 93 2492; x_wconf 81' lang='grc' dir='ltr'>ιο</span> <span class='ocrx_word' id='word_1_171' title='bbox 145 2433 264 2508; x_wconf 88' lang='lat' dir='ltr'>Perque</span> <span class='ocrx_word' id='word_1_172' title='bbox 280 2432 460 2493; x_wconf 87' lang='lat' dir='ltr'>observatas</span> <span class='ocrx_word' id='word_1_173' title='bbox 475 2435 631 2495; x_wconf 91' lang='lat' dir='ltr'>inveniere</span> <span class='ocrx_word' id='word_1_174' title='bbox 645 2442 746 2496; x_wconf 86' lang='lat' dir='ltr'>notas.</span> 
     </span>
     <span class='ocr_line' id='line_1_27' title="bbox 102 2518 883 2596; baseline 0.008 -21"><span class='ocrx_word' id='word_1_175' title='bbox 102 2518 237 2576; x_wconf 90' lang='lat' dir='ltr'>Prodenl</span> <span class='ocrx_word' id='word_1_176' title='bbox 252 2524 407 2578; x_wconf 85' lang='lat' dir='ltr'>auctorem</span> <span class='ocrx_word' id='word_1_177' title='bbox 422 2519 512 2592; x_wconf 90' lang='lat' dir='ltr'>vires,</span> <span class='ocrx_word' id='word_1_178' title='bbox 536 2536 613 2594; x_wconf 85' lang='lat' dir='ltr'>quas</span> <span class='ocrx_word' id='word_1_179' title='bbox 629 2520 759 2580; x_wconf 90' lang='lat' dir='ltr'>Hercule</span> <span class='ocrx_word' id='word_1_180' title='bbox 774 2521 883 2596; x_wconf 86' lang='lat' dir='ltr'>dignas</span> 
     </span>
     <span class='ocr_line' id='line_1_28' title="bbox 145 2600 899 2679; baseline 0.004 -20"><span class='ocrx_word' id='word_1_181' title='bbox 145 2600 293 2661; x_wconf 89' lang='lat' dir='ltr'>Novimus</span> <span class='ocrx_word' id='word_1_182' title='bbox 309 2608 401 2675; x_wconf 86' lang='lat' dir='ltr'>atque</span> <span class='ocrx_word' id='word_1_183' title='bbox 416 2601 467 2674; x_wconf 93' lang='lat' dir='ltr'>illi,</span> <span class='ocrx_word' id='word_1_184' title='bbox 488 2618 578 2676; x_wconf 90' lang='lat' dir='ltr'>quem</span> <span class='ocrx_word' id='word_1_185' title='bbox 594 2603 688 2674; x_wconf 77' lang='lat' dir='ltr'>caniS,</span> <span class='ocrx_word' id='word_1_186' title='bbox 712 2619 783 2663; x_wconf 93' lang='lat' dir='ltr'>esse</span> <span class='ocrx_word' id='word_1_187' title='bbox 798 2620 899 2679; x_wconf 88' lang='lat' dir='ltr'>pares.</span> 
     </span>
     <span class='ocr_line' id='line_1_29' title="bbox 102 2684 887 2764; baseline 0.006 -21"><span class='ocrx_word' id='word_1_188' title='bbox 102 2685 142 2743; x_wconf 87' lang='lat' dir='ltr'>Et</span> <span class='ocrx_word' id='word_1_189' title='bbox 155 2700 225 2744; x_wconf 91' lang='lat' dir='ltr'>mea</span> <span class='ocrx_word' id='word_1_190' title='bbox 238 2684 329 2744; x_wconf 90' lang='lat' dir='ltr'>llllusa</span> <span class='ocrx_word' id='word_1_191' title='bbox 344 2691 446 2760; x_wconf 91' lang='lat' dir='ltr'>potest</span> <span class='ocrx_word' id='word_1_192' title='bbox 461 2687 587 2761; x_wconf 90' lang='lat' dir='ltr'>proprio</span> <span class='ocrx_word' id='word_1_193' title='bbox 604 2687 759 2761; x_wconf 86' lang='lat' dir='ltr'>deprensa</span> <span class='ocrx_word' id='word_1_194' title='bbox 774 2691 887 2764; x_wconf 86' lang='lat' dir='ltr'>colore,</span> 
     </span>
     <span class='ocr_line' id='line_1_30' title="bbox 146 2768 702 2843; baseline 0.004 -17"><span class='ocrx_word' id='word_1_195' title='bbox 146 2768 278 2843; x_wconf 77' lang='lat' dir='ltr'>insignis</span> <span class='ocrx_word' id='word_1_196' title='bbox 294 2769 376 2829; x_wconf 90' lang='lat' dir='ltr'>vitiis</span> <span class='ocrx_word' id='word_1_197' title='bbox 392 2770 519 2829; x_wconf 89' lang='lat' dir='ltr'>lorsitan</span> <span class='ocrx_word' id='word_1_198' title='bbox 539 2785 610 2829; x_wconf 90' lang='lat' dir='ltr'>esse</span> <span class='ocrx_word' id='word_1_199' title='bbox 626 2771 702 2830; x_wconf 86' lang='lat' dir='ltr'>suis.</span> 
     </span>
     <span class='ocr_line' id='line_1_31' title="bbox 56 2852 874 2928; baseline 0.002 -16"><span class='ocrx_word' id='word_1_200' title='bbox 56 2862 90 2912; x_wconf 82' lang='lat'>15</span> <span class='ocrx_word' id='word_1_201' title='bbox 102 2852 178 2911; x_wconf 87' lang='lat' dir='ltr'>Tam</span> <span class='ocrx_word' id='word_1_202' title='bbox 193 2853 273 2911; x_wconf 89' lang='lat' dir='ltr'>mala</span> <span class='ocrx_word' id='word_1_203' title='bbox 286 2853 445 2912; x_wconf 89' lang='lat' dir='ltr'>Thersiten</span> <span class='ocrx_word' id='word_1_204' title='bbox 462 2853 645 2928; x_wconf 89' lang='lat' dir='ltr'>prohibebat</span> <span class='ocrx_word' id='word_1_205' title='bbox 660 2854 758 2913; x_wconf 89' lang='lat' dir='ltr'>lorma</span> <span class='ocrx_word' id='word_1_206' title='bbox 771 2854 874 2928; x_wconf 90' lang='lat' dir='ltr'>latere,</span> 
     </span>
     <span class='ocr_line' id='line_1_32' title="bbox 146 2935 861 3012; baseline -0.001 -16"><span class='ocrx_word' id='word_1_207' title='bbox 146 2935 243 3008; x_wconf 88' lang='lat' dir='ltr'>Quam</span> <span class='ocrx_word' id='word_1_208' title='bbox 258 2937 387 3011; x_wconf 91' lang='lat' dir='ltr'>pulchra</span> <span class='ocrx_word' id='word_1_209' title='bbox 402 2937 512 2997; x_wconf 92' lang='lat' dir='ltr'>Nireus</span> <span class='ocrx_word' id='word_1_210' title='bbox 530 2937 771 3012; x_wconf 90' lang='lat' dir='ltr'>conspiciendus</span> <span class='ocrx_word' id='word_1_211' title='bbox 788 2945 861 2998; x_wconf 86' lang='lat' dir='ltr'>erat.</span> 
     </span>
     <span class='ocr_line' id='line_1_33' title="bbox 103 3019 745 3095; baseline 0 -17"><span class='ocrx_word' id='word_1_212' title='bbox 103 3019 168 3078; x_wconf 90' lang='lat' dir='ltr'>Nec</span> <span class='ocrx_word' id='word_1_213' title='bbox 183 3025 212 3078; x_wconf 93' lang='lat' dir='ltr'>te</span> <span class='ocrx_word' id='word_1_214' title='bbox 227 3020 339 3095; x_wconf 90' lang='lat' dir='ltr'>mirari,</span> <span class='ocrx_word' id='word_1_215' title='bbox 362 3019 388 3080; x_wconf 91' lang='lat' dir='ltr'>si</span> <span class='ocrx_word' id='word_1_216' title='bbox 404 3020 466 3080; x_wconf 90' lang='lat' dir='ltr'>sint</span> <span class='ocrx_word' id='word_1_217' title='bbox 478 3021 599 3094; x_wconf 89' lang='lat' dir='ltr'>vitiosa,</span> <span class='ocrx_word' id='word_1_218' title='bbox 623 3021 745 3081; x_wconf 89' lang='lat' dir='ltr'>decebit</span> 
     </span>
     <span class='ocr_line' id='line_1_34' title="bbox 149 3103 864 3180; baseline 0 -18"><span class='ocrx_word' id='word_1_219' title='bbox 149 3103 297 3177; x_wconf 84' lang='lat' dir='ltr'>Carmina,</span> <span class='ocrx_word' id='word_1_220' title='bbox 322 3119 401 3179; x_wconf 91' lang='lat' dir='ltr'>quae</span> <span class='ocrx_word' id='word_1_221' title='bbox 416 3103 525 3164; x_wconf 82' lang='lat' dir='ltr'>faciam</span> <span class='ocrx_word' id='word_1_222' title='bbox 540 3121 640 3180; x_wconf 88' lang='lat' dir='ltr'>paene</span> <span class='ocrx_word' id='word_1_223' title='bbox 655 3110 747 3179; x_wconf 92' lang='lat' dir='ltr'>poeta</span> <span class='ocrx_word' id='word_1_224' title='bbox 763 3104 864 3165; x_wconf 91' lang='lat' dir='ltr'>Getes.</span> 
     </span>
     <span class='ocr_line' id='line_1_35' title="bbox 104 3187 894 3264; baseline 0.001 -18"><span class='ocrx_word' id='word_1_225' title='bbox 104 3191 148 3246; x_wconf 84' lang='lat' dir='ltr'>A!</span> <span class='ocrx_word' id='word_1_226' title='bbox 174 3187 279 3263; x_wconf 80' lang='lat' dir='ltr'>pudet,</span> <span class='ocrx_word' id='word_1_227' title='bbox 301 3196 331 3249; x_wconf 90' lang='lat' dir='ltr'>et</span> <span class='ocrx_word' id='word_1_228' title='bbox 345 3188 450 3249; x_wconf 85' lang='lat' dir='ltr'>Getico</span> <span class='ocrx_word' id='word_1_229' title='bbox 466 3189 578 3264; x_wconf 89' lang='lat' dir='ltr'>scripsi</span> <span class='ocrx_word' id='word_1_230' title='bbox 593 3203 736 3248; x_wconf 89' lang='lat' dir='ltr'>sermone</span> <span class='ocrx_word' id='word_1_231' title='bbox 751 3188 894 3263; x_wconf 89' lang='lat' dir='ltr'>libellum,</span> 
     </span>
     <span class='ocr_line' id='line_1_36' title="bbox 53 3270 912 3348; baseline 0.001 -17"><span class='ocrx_word' id='word_1_232' title='bbox 53 3280 92 3331; x_wconf 76' lang='lat'>20</span> <span class='ocrx_word' id='word_1_233' title='bbox 145 3270 330 3348; x_wconf 77' lang='lat' dir='ltr'>Structoque</span> <span class='ocrx_word' id='word_1_234' title='bbox 344 3279 415 3332; x_wconf 88' lang='lat' dir='ltr'>sunt</span> <span class='ocrx_word' id='word_1_235' title='bbox 429 3273 542 3333; x_wconf 89' lang='lat' dir='ltr'>nostris</span> <span class='ocrx_word' id='word_1_236' title='bbox 557 3271 690 3332; x_wconf 86' lang='lat' dir='ltr'>barbara</span> <span class='ocrx_word' id='word_1_237' title='bbox 703 3271 799 3331; x_wconf 91' lang='lat' dir='ltr'>verba</span> <span class='ocrx_word' id='word_1_238' title='bbox 812 3272 912 3332; x_wconf 87' lang='lat' dir='ltr'>modis</span> 
     </span>
     <span class='ocr_line' id='line_1_37' title="bbox 104 3356 843 3431; baseline 0.001 -17"><span class='ocrx_word' id='word_1_239' title='bbox 104 3356 144 3415; x_wconf 88' lang='lat' dir='ltr'>Et</span> <span class='ocrx_word' id='word_1_240' title='bbox 158 3357 291 3431; x_wconf 73' lang='lat' dir='ltr'>placui..</span> <span class='ocrx_word' id='word_1_241' title='bbox 312 3363 432 3431; x_wconf 78' lang='lat' dir='ltr'>gratare</span> <span class='ocrx_word' id='word_1_242' title='bbox 446 3356 549 3416; x_wconf 85' lang='lat' dir='ltr'>milri...</span> <span class='ocrx_word' id='word_1_243' title='bbox 566 3356 718 3431; x_wconf 91' lang='lat' dir='ltr'>coepique</span> <span class='ocrx_word' id='word_1_244' title='bbox 733 3362 843 3431; x_wconf 87' lang='lat' dir='ltr'>poetae</span> 
     </span>
     <span class='ocr_line' id='line_1_38' title="bbox 148 3439 799 3501; baseline 0.005 -4"><span class='ocrx_word' id='word_1_245' title='bbox 148 3439 230 3498; x_wconf 85' lang='lat' dir='ltr'>Inter</span> <span class='ocrx_word' id='word_1_246' title='bbox 244 3440 426 3500; x_wconf 89' lang='lat' dir='ltr'>inhumanos</span> <span class='ocrx_word' id='word_1_247' title='bbox 441 3457 553 3501; x_wconf 91' lang='lat' dir='ltr'>nomen</span> <span class='ocrx_word' id='word_1_248' title='bbox 566 3439 681 3500; x_wconf 89' lang='lat' dir='ltr'>habere</span> <span class='ocrx_word' id='word_1_249' title='bbox 698 3440 799 3500; x_wconf 83' lang='lat' dir='ltr'>Getas</span> 
     </span>
     <span class='ocr_line' id='line_1_39' title="bbox 787 3522 843 3585; baseline -0.036 0"><span class='ocrx_word' id='word_1_250' title='bbox 787 3522 843 3585; x_wconf 77' lang='lat'>13*</span> 
     </span>
    </p>
   </div>
   <div class='ocr_carea' id='block_1_5' title="bbox 0 0 1164 3960">
    <p class='ocr_par' dir='ltr' id='par_1_5' title="bbox 0 0 1164 3960">
     <span class='ocr_line' id='line_1_40' title="bbox 0 0 1164 3960; baseline 0 0"><span class='ocrx_word' id='word_1_251' title='bbox 0 0 1164 3960; x_wconf 95' lang='lat' dir='ltr'> </span> 
     </span>
    </p>
   </div>
  </div>
 </body>
</html>
