2318 3960
400 253 427 327 1,
452 252 486 327 l,
512 252 651 330 tel-2,
674 256 724 318 50.

116 405 219 466 Verba
232 405 326 466 miser
340 404 451 466 liustra
466 423 526 466 non
541 406 733 482 proficientia
746 407 854 484 perdo.

155 489 228 565 lpse
241 505 353 564 graves
369 497 518 565 spargunt
533 507 588 550 ora
602 491 755 564 loquentis
771 508 879 569 aquae,

10 564 18 601 ⁵
65 581 97 635 15
112 572 329 646 Terribilisque
344 581 434 634 notus
449 575 542 635 iactat
555 590 624 633 mee
639 575 730 647 dicta,
747 591 919 652 precesque

10 731 12 738 Ι
154 657 206 716 Ad
222 671 301 731 quos
315 657 484 734 mittuntur,
500 674 562 717 non
576 658 648 717 sinit
662 659 707 717 ire
722 659 809 719 deos.
911 708 912 711 ¹

110 741 193 814 Ergo
207 740 289 800 idem
306 742 401 816 venti,
417 757 456 800 ne
472 756 567 802 causa
581 743 686 801 laedar
699 743 731 801 in
745 760 815 816 una,

153 824 294 898 Velaque
309 824 414 883 nescio
430 841 491 899 quo
509 832 641 898 votaque
656 832 761 884 nostra
776 828 884 890 lerunt.

108 907 159 967 Nle
173 908 332 982 miserum,
350 909 453 982 quanti
471 916 589 968 montes
605 909 769 970 volvuntur
782 923 947 986 equarum!

10 995 20 1034 ¹
61 999 94 1052 lo
154 991 216 1051 lam
231 991 291 1050 iam
305 997 439 1051 tacturos
456 992 559 1052 sidera
573 1008 692 1051 summa
705 999 805 1068 putes.

111 1075 247 1148 Quantae
262 1075 385 1134 diducto
401 1075 565 1135 subsidunt
580 1091 716 1150 aequore
733 1079 844 1138 valles!

150 1159 214 1218 lam
229 1158 289 1218 iam
304 1165 436 1218 tacturas
450 1159 574 1218 Tartara
588 1159 674 1233 nigra
687 1167 788 1235 putes.

110 1242 308 1318 Quocumque
323 1242 458 1318 aspicio,
473 1242 547 1301 nihil
563 1250 624 1316 est,
641 1243 700 1302 nisi
715 1253 828 1318 pontus
844 1252 874 1305 et
889 1251 950 1322 abr,

150 1325 305 1387 Fluctibus
321 1326 371 1385 hic
386 1326 535 1398 tumiduS,
551 1325 682 1387 nubibus
697 1328 749 1386 ille
762 1328 875 1388 minax.

60 1418 93 1470 26
109 1409 191 1470 Inter
204 1417 365 1484 utrumque
380 1411 511 1470 tremunt
523 1410 636 1469 inmani
651 1411 769 1471 turbine
786 1413 875 1472 venti.

151 1493 269 1569 Nescit,
286 1494 333 1553 cui
349 1494 474 1554 domino
486 1500 609 1570 pareat,
625 1495 708 1554 unda
721 1497 823 1555 maris.

10 1594 14 1603 ·
109 1577 185 1636 Nam
199 1579 291 1639 modo
306 1594 461 1653 purpureo
478 1579 559 1638 vires
575 1579 656 1654 capit
671 1595 763 1640 eurus
778 1580 816 1640 ab
833 1588 907 1657 ortu,

152 1661 237 1720 Nunc
252 1663 409 1739 zephyrus
426 1678 496 1724 sero
513 1677 644 1738 vespere
658 1663 773 1724 missus
789 1667 886 1737 adest,

108 1745 194 1805 Nune
209 1745 329 1820 gelidus
345 1747 429 1806 sicca
442 1747 554 1807 boreas
566 1745 732 1808 bacchatur
746 1748 783 1806 ab
798 1751 902 1821 Arcto,

59 1839 94 1892 30
151 1828 236 1888 Nunc
250 1837 341 1889 notus
357 1830 490 1890 adversa
503 1831 622 1906 proelia
636 1832 736 1890 fronte
750 1832 836 1907 gerit.

108 1915 222 1973 Rector
236 1913 266 1972 in
281 1914 397 1974 incerto
413 1920 474 1987 est,
492 1930 548 1973 nec
564 1914 641 1989 quid
653 1915 788 1989 lugiatve
803 1922 925 1989 petatve

152 1996 278 2056 Invenit.
315 1997 466 2071 ambiguis
482 2013 532 2056 ars
548 2004 650 2073 stupet
663 1998 733 2072 ipsa
747 1999 845 2058 malis.

105 2080 233 2159 ¹Scilicet
247 2080 431 2154 occidimus,
447 2095 505 2140 nec
520 2097 594 2156 spes
610 2087 657 2140 est
671 2082 733 2140 ulla
747 2082 865 2155 salutis,

150 2163 291 2239 Dumque
306 2164 432 2240 loquor,
450 2165 550 2225 vultus
566 2164 666 2225 obruit
681 2166 764 2224 unda
776 2181 874 2226 meos.

58 2256 92 2310 35
109 2246 267 2322 Opprimet
280 2248 359 2307 hane
371 2248 504 2307 animam
518 2247 644 2324 lluctuS,
660 2250 835 2324 frustraque
850 2251 987 2325 precanti

149 2329 208 2391 Ore
223 2338 384 2391 necaturas
400 2332 586 2407 accipiemus
602 2349 710 2406 aquas.

107 2420 149 2474 At
163 2414 214 2488 pia
229 2415 270 2474 nil
285 2415 369 2476 uliud
385 2433 478 2490 quam
492 2432 541 2474 me
556 2417 639 2475 dolet
654 2418 743 2475 exule
758 2418 907 2476 coniunx:

150 2498 217 2557 Hoc
233 2515 324 2558 unum
339 2499 435 2558 nostri
451 2501 570 2575 scitque
584 2499 737 2575 gemitque
752 2501 833 2560 mali.

107 2581 212 2641 Nescit
224 2581 256 2640 in
271 2582 410 2643 inmenso
425 2583 531 2643 iactari
546 2599 679 2659 corpora
693 2590 798 2659 ponto,

59 2672 93 2726 lo
150 2665 255 2725 Nescit
268 2667 318 2741 agi
333 2668 448 2741 ventis,
465 2667 563 2727 nescit
577 2668 691 2727 adesse
705 2683 822 2727 necem.

109 2747 132 2807 0
148 2748 242 2823 bene,
259 2751 346 2824 quod
361 2766 422 2810 non
437 2767 506 2810 sum
520 2766 639 2811 mecum
654 2753 865 2811 conscendere
879 2768 1002 2828 passus,

149 2833 193 2891 Ne
208 2833 280 2892 milri
295 2850 377 2893 mors
393 2834 505 2894 misero
520 2835 568 2895 bis
583 2834 728 2910 patienda
742 2836 834 2895 leret!

106 2918 149 2976 At
163 2932 243 2976 nunc
259 2925 291 2979 ut
306 2934 443 2994 peream,
461 2919 605 2994 quoniam
620 2925 702 2978 caret
716 2918 767 2978 illa
782 2919 908 2994 periclo,

147 3000 280 3061 Dimidia
295 3009 377 3069 certe
392 3010 479 3077 parte
493 3009 652 3077 superstes
669 3018 732 3061 ero.

60 3085 143 3145 15111
158 3084 245 3160 mibi,
261 3101 355 3160 quam
370 3086 463 3145 celeri
477 3086 648 3146 micuerunt
661 3085 765 3144 nubila
780 3083 916 3144 flammat

151 3167 288 3242 Quantus
304 3169 342 3229 ab
355 3169 491 3229 aetherio
506 3175 655 3246 personat
669 3185 728 3227 axe
743 3170 861 3244 fragant

106 3253 169 3312 Nec
183 3252 282 3314 levius
298 3255 425 3314 laterum
440 3254 561 3313 tabulae
576 3253 724 3312 feriuntur
738 3253 776 3312 ab
793 3253 891 3326 undis,

55 3347 58 3350 ’
150 3335 247 3410 Quam
261 3353 356 3412 grave
371 3337 499 3398 balistae
513 3336 747 3413 moeniapulsat
762 3354 850 3397 onus.
938 3396 944 3405 ,
998 3333 1000 3341 ⁴

107 3421 163 3496 Qui
179 3421 261 3482 venit
274 3422 324 3482 hic
339 3419 466 3495 fluctus,
489 3419 600 3483 fluctus
616 3421 822 3497 supereminet
837 3433 957 3480 omnes:

60 3514 93 3577 to
148 3504 304 3566 Posterior
318 3521 400 3565 nono
416 3511 463 3564 est
477 3505 702 3581 undecimoque
717 3506 810 3580 prior.
