2318 3960
428 203 469 273 11,
491 199 667 264 105—174.
785 289 790 299 x

122 355 181 416 Vis
196 353 249 416 tibi
262 360 348 430 grata
362 354 426 413 luit.
455 354 566 413 florent
580 353 637 414 sub
653 353 784 413 Caesare
800 355 895 429 leges.

164 439 212 499 Tu
226 437 342 498 domini
355 452 482 513 nomen,
498 439 645 513 principis
661 438 711 496 ille
726 444 816 497 tenet.

121 524 166 582 Te
179 522 294 582 Remus
310 522 439 582 incusat
468 523 588 581 veniam
604 521 688 581 dedit
702 521 842 581 hostibus
857 521 917 581 ille.

165 605 334 666 Caelestem
348 607 462 667 fecitte
478 613 578 681 pater,
595 606 644 664 ille
659 611 784 681 patrem.

56 689 188 750 14511111
202 705 279 764 puer
292 690 404 750 Idaeus
419 690 520 750 media
536 698 625 750 tenus
641 690 751 748 eminet
765 691 846 764 alvo,

166 773 204 832 Et
217 773 351 847 liquidas
365 774 459 834 mixto
476 781 598 834 nectare
614 774 711 833 tundit
725 789 832 848 aquas.

12 852 26 890 ³
122 855 171 916 En
185 857 291 932 etiam,
307 857 405 932 siquis
420 859 534 918 borean
550 858 677 917 horrere
692 856 820 932 solebat,

166 939 313 1001 Gaudeat.
342 957 362 1001 a
375 942 520 1020 zephyris
535 942 655 1002 mollior
672 957 746 1000 aura
760 941 851 1000 venit.

175 1074 286 1136 111111
328 1073 358 1138 7.
380 1077 435 1136 FN
477 1077 507 1138 8.
529 1077 586 1135 GN
629 1075 658 1136 9.
680 1075 739 1132 ΗΝ
784 1073 833 1135 10.
855 1075 915 1134 ΑΝ

123 1189 251 1264 Quintus
267 1191 305 1252 ab
320 1194 483 1270 aequoreis
499 1193 627 1254 nitidum
645 1190 733 1251 iubar
751 1191 857 1251 extulit
869 1192 960 1252 undis

58 1284 109 1337 150
161 1274 297 1351 Lucifer,
314 1284 343 1336 et
357 1278 447 1352 primi
461 1287 599 1352 tempora
614 1275 696 1335 veris
712 1281 792 1334 eunt.

121 1358 167 1418 Ne
182 1359 288 1419 lallare
302 1367 418 1436 tamen,
434 1368 550 1422 restant
566 1360 619 1421 tibi
634 1360 763 1433 frigora,
778 1365 911 1419 restant!

164 1442 337 1521 Magnaque
353 1445 517 1505 discedens
534 1445 622 1519 signa
636 1443 758 1518 reliquit
775 1442 883 1503 hiems.

400 1576 449 1640 ll.
470 1579 528 1638 BN
572 1578 621 1639 12.
644 1579 698 1638 CN

33 1677 35 1681 ’
120 1692 221 1752 Tertia
234 1708 298 1752 nox
314 1693 429 1754 veniat:
460 1694 624 1754 Custodem
640 1695 778 1770 protinus
793 1693 891 1753 Ursae

163 1775 307 1851 Aspicies
321 1777 460 1851 geminos
476 1779 636 1840 exeruisse
650 1779 757 1853 pedes.

56 1868 108 1924 155
123 1858 205 1919 Inter
217 1860 444 1937 hamadryadas
459 1861 724 1937 iaculatricemque
738 1861 865 1919 Dianam

162 1943 285 2003 Callisto
301 1943 380 2004 sacri
394 1961 467 2020 pars
482 1945 537 2005 luit
547 1962 608 2004 una
623 1945 716 2004 chori.

13 2054 16 2059 ⁴
120 2027 175 2086 1111
190 2028 268 2087 deae
281 2035 410 2102 tangens
426 2045 516 2088 arcus
536 2029 631 2101 ‘Quos
646 2029 798 2103 tangimus
813 2042 912 2097 arcus,

161 2111 235 2172 Este
249 2127 336 2171 meae
348 2119 444 2172 testes
459 2112 648 2187 virginitatis’
664 2113 713 2171 ait,

122 2193 253 2272 Cynthia
265 2195 414 2270 laudavit,
431 2196 671 2270 ‘Promissa’que
686 2195 824 2254 ‘loedera
839 2209 937 2266 serva,

58 2283 110 2338 100
165 2279 203 2339 Et
217 2279 359 2338 comitum
372 2280 517 2354 princeps
532 2287 563 2339 tu
578 2279 661 2339 mihi’
678 2279 753 2339 dixit
767 2277 863 2359 ‘eris'

121 2362 262 2424 Foedera
276 2370 448 2437 servasset,
464 2364 490 2422 si
505 2380 566 2424 non
581 2365 717 2424 formosa
732 2363 849 2423 luisset.

165 2447 250 2507 Cavit
263 2448 417 2507 mortales.
448 2448 486 2507 de
501 2448 574 2508 love
589 2449 701 2507 crimen
717 2447 816 2506 babet.

121 2530 204 2590 Mille
219 2532 300 2590 ieras
314 2530 437 2590 Phoebe
453 2533 538 2592 silvis
553 2540 663 2592 venata
681 2532 800 2591 redibat

162 2616 224 2675 Aut
235 2618 321 2690 plus,
340 2623 392 2675 aut
405 2617 536 2675 medium
551 2617 617 2675 sole
631 2622 752 2675 tenente
767 2615 856 2672 dienr.

57 2711 108 2767 165
125 2699 165 2760 Ut
178 2699 275 2774 tetigit
289 2700 436 2770 lucum,...
451 2700 549 2759 densa
563 2700 649 2773 niger
663 2698 731 2757 ilice
746 2699 843 2772 lucus,

162 2784 196 2842 in
210 2783 312 2844 medio
329 2783 448 2857 gelidae
464 2785 532 2844 lons
547 2789 611 2842 erat
625 2784 702 2842 altus
718 2797 846 2857 aquae...

121 2869 210 2927 ‘Hac'
226 2867 268 2926 ait
282 2868 324 2926 ‘in
340 2867 432 2937 silva,
448 2868 536 2942 virgo
551 2869 703 2941 Tegeaea,
720 2868 856 2925 lavemur
864 2869 883 2921 ε’

161 2951 288 3011 Erubuit
302 2952 380 3010 laiso
397 2951 520 3025 virginis
534 2951 584 3009 illa
599 2965 688 3010 sono.

122 3037 247 3095 Dixerat
260 3042 291 3095 et
304 3033 458 3112 nymphis.
488 3034 642 3111 nymphae
656 3032 807 3092 velamina
820 3039 951 3106 ponuntr

60 3126 111 3182 170
165 3119 250 3178 Hanc
265 3119 372 3194 pudet,
393 3125 422 3177 et
435 3119 540 3178 tardae
555 3119 700 3177 dutmala
715 3116 803 3191 signa
817 3130 931 3175 morae.

122 3203 257 3262 Exuerat
271 3201 400 3261 tunicas.
429 3202 506 3261 uteri
520 3202 681 3261 manifesta
695 3207 814 3259 tumore

162 3283 304 3345 Proditus
317 3285 430 3345 indicio
445 3286 592 3361 ponderis
607 3285 676 3360 ipsa
690 3284 748 3343 sui.

125 3369 180 3430 Cui
194 3370 254 3429 dea
268 3369 460 3443 ‘virgineos
476 3369 599 3445 periura
612 3367 763 3445 Lycaoni,
780 3372 885 3426 coetus

162 3453 292 3526 Desere,
308 3467 365 3511 nec
380 3459 481 3514 castas
497 3455 612 3529 pollue'
628 3451 703 3513 dixit
717 3455 849 3526 ‘aquas'

10 3594 13 3609 ,
79 3552 164 3598 ovio.
186 3537 237 3594 111.
814 3543 846 3594 ιε,

10 3624 13 3703 l
