2318 3960
408 239 465 302 ΙΙΙ.
486 237 665 303 ool-639.

153 391 271 450 Auctus
289 398 369 465 erat,
385 392 519 468 populos
534 393 761 470 miscueratque
776 393 867 456 duos.

114 472 215 535 Litore
230 474 324 535 dotali
339 476 407 537 solo
425 475 586 537 comitatus
599 477 719 538 Achate

154 556 313 620 Secretum
326 559 409 620 nudo
425 560 497 619 dum
511 559 592 637 pede
607 560 704 636 carpit
717 561 783 637 iter,

65 650 96 701 ut
111 642 233 717 Aspicit
247 638 412 720 errantem,
428 658 486 703 nec
501 644 628 704 credere
643 644 772 708 sustinet
784 648 905 708 Annam

151 727 242 786 Esse.
271 727 346 801 quid
359 727 389 786 in
404 727 509 792 Latios
524 728 575 788 illa
588 729 707 789 veniret
720 737 836 805 agrost

111 813 188 871 Dum
204 810 463 894 seminationem,
480 812 584 872 ‘Anna
599 817 673 874 estt’
689 813 840 873 exclamat
853 814 998 875 Achates.

152 895 203 954 Ad
217 910 328 959 nomen
345 897 448 955 voltus
467 895 590 957 sustulit
600 896 655 958 illa
669 913 754 958 suos.

110 979 176 1053 Quo
192 979 309 1054 fugiat?
336 979 410 1054 quid
426 986 518 1054 agata
545 993 625 1054 quos
638 987 738 1041 terrae
754 989 882 1056 quaerat
893 981 1016 1041 hiatus?

66 1075 101 1128 10
156 1065 237 1122 Ante
252 1064 360 1124 oculos
374 1064 504 1123 miserae
520 1063 581 1122 lata
596 1065 712 1124 sororis
728 1073 822 1126 erant.

110 1147 227 1220 Sensit,
247 1154 277 1207 et
291 1147 468 1222 adloquitur
481 1146 630 1224 trepidam
645 1147 826 1227 cythereius
840 1147 950 1210 herosz

150 1230 332 1290 statumen
347 1230 501 1293 admonitu
517 1238 635 1306 motus,
648 1231 764 1307 Elissa,
782 1233 834 1294 tui.

110 1319 227 1386 ‘Anna‚
243 1314 393 1390 perhanc
407 1313 488 1390 iuno,
511 1331 604 1390 quarn
625 1317 779 1389 quondam
795 1315 901 1383 audire
917 1316 1039 1378 solebas

151 1398 301 1461 Tellurem
317 1399 378 1459 lato
394 1399 591 1475 prosperiore
606 1398 682 1472 dari,

65 1495 96 1545 15
111 1482 232 1556 Perque
249 1480 326 1543 deos
342 1483 484 1559 comites,
499 1483 558 1543 hac
573 1498 672 1559 nuper
687 1483 763 1543 sede
777 1483 906 1559 locatos,

152 1563 254 1641 Saepe
269 1582 354 1627 meas
368 1565 437 1627 illos
452 1566 645 1642 increpuisse
659 1582 772 1626 moras.

108 1650 171 1708 Neo
187 1650 271 1709 timui
286 1650 326 1709 de
340 1657 436 1711 morte
450 1657 560 1710 tamen
589 1658 689 1711 metus
706 1651 781 1712 aluit
795 1652 861 1712 iste.

151 1733 186 1792 Ei
202 1733 289 1793 milri!
322 1733 459 1794 credibili
473 1733 581 1795 fortior
595 1734 646 1795 illa
663 1735 727 1795 luit.

110 1817 155 1876 lte
169 1818 258 1877 refer.
288 1818 396 1892 aspexi
414 1834 474 1878 non
489 1818 541 1879 illo
556 1825 682 1895 pectore
698 1819 789 1894 digna

65 1909 98 1960 20
154 1901 306 1976 Volnera,
320 1901 481 1961 Tartareas
496 1918 591 1965 ausus
607 1902 693 1962 adire
708 1903 828 1962 domos.

111 1989 151 2044 At
165 1991 208 2060 tu,
225 2001 280 2046 seu
294 1985 372 2045 ratio
387 1992 417 2046 te
432 1985 546 2047 nostris
562 1985 679 2063 appulit
694 1986 766 2062 oris,
881 2003 885 2009 ·

155 2067 229 2127 Sive
244 2068 337 2143 deus,
352 2069 437 2144 regni
453 2070 616 2130 commoda
632 2084 725 2145 carpe
739 2068 808 2129 mei.

112 2153 206 2211 ltlulta
223 2152 276 2211 tibi
290 2168 458 2229 memores,
475 2154 517 2213 nil
532 2170 593 2213 non
610 2152 758 2214 debemus
770 2152 900 2213 Elissae.

154 2236 281 2296 Nomine
296 2242 382 2310 grata
396 2243 465 2311 tuo,
481 2244 567 2313 grata
581 2237 714 2311 sororis,
730 2235 815 2297 eris!

65 2323 97 2377 25
112 2319 195 2380 Talia
210 2320 352 2382 dicanti...
367 2336 468 2394 neque
483 2321 562 2382 enim
578 2337 651 2397 spes
666 2321 761 2380 altera
775 2325 900 2380 restat...

155 2403 305 2477 Credidit,
322 2419 443 2464 errores
459 2406 763 2481 exposuitquesuos.

111 2487 212 2562 thue
228 2487 350 2548 domum
365 2487 487 2548 intravit
500 2489 610 2566 Tyrios
625 2489 730 2550 induta
745 2494 881 2563 paratus,

154 2571 263 2646 Incipit
275 2572 431 2632 Aeneas...
448 2578 550 2632 cetera
568 2573 656 2632 turba
671 2573 770 2633 silet...

112 2656 210 2714 ‘Hanc
224 2655 278 2714 tibi
292 2671 347 2716 our
360 2654 493 2731 tradam„
509 2655 560 2731 pia
575 2671 684 2730 causa,
699 2655 826 2715 Lavinia
841 2653 983 2730 coniunx,

65 2746 97 2799 lo
153 2738 209 2798 Est
222 2738 304 2798 mihi.
335 2739 512 2814 consumpsi
529 2740 695 2814 naufragus
712 2738 804 2799 huius
820 2753 907 2815 opes.

113 2822 184 2892 Oria
197 2820 279 2897 Tyro
296 2828 357 2896 est,
372 2838 498 2898 regnum
513 2823 630 2900 Libyca
647 2821 789 2898 possedit
803 2823 834 2881 in
849 2838 920 2883 oras

154 2906 249 2980 Quam
264 2921 375 2981 precor
388 2914 421 2966 ut
435 2921 524 2966 carae
541 2921 626 2967 more
641 2904 758 2966 sororis
772 2910 880 2966 ames?

113 2988 219 3049 Omnia
233 2989 391 3065 promittit,
408 2989 581 3066 falsumque
594 2987 720 3049 Lavinia
735 2989 847 3050 volnus

153 3073 255 3133 Mente
268 3072 378 3149 premit
392 3072 498 3148 tacita,
515 3073 749 3147 dissimulatque
763 3072 908 3132 fremens.

65 3171 97 3225 35
112 3158 262 3231 Donaque
277 3171 345 3217 oum
360 3155 463 3216 videat
477 3164 598 3232 praeter
616 3173 673 3218 sua
688 3156 801 3218 lumina
816 3155 888 3215 ferri

152 3240 247 3301 Multa
260 3242 376 3316 palam,
391 3240 466 3300 mitti
483 3240 561 3300 clam
582 3256 706 3317 quoque
721 3241 815 3300 multa
830 3239 935 3314 putati

109 3327 175 3386 Non
192 3324 285 3385 habet
299 3330 455 3399 exactum,
475 3323 548 3399 quid
563 3331 641 3399 agat.
672 3324 819 3385 furialiter
833 3322 906 3400 odit,

152 3409 190 3469 Et
203 3415 292 3485 paral
307 3408 452 3483 insidias,
468 3413 507 3490 et·
516 3409 599 3484 cupit
613 3408 676 3468 ulta
690 3409 777 3468 mori.

109 3493 177 3555 Nox
192 3499 265 3552 erat.
295 3499 365 3553 ante
383 3499 480 3554 torum
496 3491 563 3552 visa
577 3498 625 3553 est
640 3491 763 3552 adstare
777 3491 894 3553 sororis
