2318 3960
452 230 479 301 i,
504 231 537 304 l,
558 227 716 292 28—103.
783 228 785 234 '

170 383 236 443 Non
252 387 351 456 putet,
368 396 385 438 e
399 379 515 455 grando
529 380 696 457 reiciatque
710 401 777 460 suo,

129 465 275 540 ‘inspice’
291 464 339 523 dic
354 464 493 523 ‘titulum
530 479 591 524 non
607 481 675 525 sum
689 476 873 543 praeceptor
886 474 999 532 amoris

172 549 252 623 Quas
267 546 389 621 meruit,
405 562 523 620 poenas
535 546 595 607 iam
610 549 695 609 dedit
706 551 782 611 iliud
797 558 899 627 opus?

125 633 264 694 Forsitan
280 637 441 705 expecteS,
457 647 496 689 an
510 631 541 690 in
555 632 616 692 alta
630 633 744 707 palatia
757 635 885 696 missum

78 725 111 780 70
168 714 323 776 Scandere
339 720 368 774 te
381 712 503 774 iubeam
518 715 761 791 Caesareamque
776 719 920 780 domurn?

127 803 293 875 ignoscant
307 803 440 873 augusta
453 798 527 857 mihi
541 798 611 859 ioca
626 799 720 876 dique
736 803 881 862 locorum.

167 882 261 943 Venit
274 884 304 941 in
318 882 377 940 hoo
393 882 446 941 illa
460 882 574 942 fulmen
589 882 628 942 ab
643 899 714 943 arce
729 893 829 960 caput.

124 970 203 1028 Esse
219 966 342 1041 quidem
356 965 479 1025 memini
494 965 655 1026 mitissima
669 968 795 1028 sedibus
811 971 870 1030 iliis

168 1050 307 1111 Numina.
343 1049 400 1109 sed
414 1049 507 1109 timeo
523 1049 575 1123 qui
591 1065 738 1126 nocuere,
755 1052 842 1113 deos.

76 1143 109 1199 75
123 1137 263 1194 Terretur
276 1133 400 1194 minimo
415 1148 536 1208 pennae
551 1134 683 1195 stridore
695 1136 846 1210 columba,

168 1218 341 1294 UnguibuS,
357 1217 516 1292 accipiter,
534 1218 640 1276 saucia
654 1217 734 1277 iacta
749 1219 817 1279 tuis.

125 1304 186 1362 Nec
200 1302 307 1378 procul
322 1317 341 1360 a
355 1299 483 1361 stabulis
500 1301 593 1360 audet
608 1301 783 1377 discedere,
801 1304 890 1379 siqua

167 1387 308 1447 Excussa
322 1392 369 1444 est
384 1384 466 1444 avidi
481 1384 625 1444 dentibus
640 1399 720 1458 agna
733 1386 807 1461 lupi.

123 1471 240 1532 vitaret
255 1472 371 1530 caelum
385 1468 557 1543 Phaethon,
573 1469 600 1528 si
617 1469 747 1545 viveret,
763 1477 793 1528 et
807 1487 886 1546 quos

73 1563 108 1618 80
165 1554 290 1630 Optarat
304 1554 407 1627 surita,
422 1559 547 1627 tangere
561 1552 654 1612 nollet
669 1568 777 1628 equos.

121 1639 171 1698 Me
183 1654 320 1713 quoque,
337 1652 416 1711 quae
432 1637 531 1711 sensi,
547 1638 645 1698 fateor
657 1637 739 1698 Iovis
755 1654 839 1698 arma
853 1639 968 1698 timere.

163 1723 214 1782 Me
228 1737 298 1782 reor
311 1722 421 1781 infesto
439 1736 508 1780 cum
524 1728 620 1796 tonat,
636 1721 706 1795 igne
722 1723 793 1796 peti.

123 1807 310 1882 Quicumque
325 1805 470 1880 Argolica
485 1806 524 1863 de
539 1807 640 1864 classe
656 1805 814 1880 Capherea
828 1807 912 1881 fugit,

165 1890 293 1966 Semper
306 1890 344 1949 ab
358 1888 502 1948 Euboicis
519 1889 588 1948 veta
601 1895 757 1965 retorquet
771 1890 871 1965 aquis.

72 1983 106 2038 85
119 1976 157 2035 Et
171 1990 240 2034 mea
254 1973 379 2050 cymba,
396 1974 491 2033 semei
508 1980 596 2032 vasta
610 1987 760 2047 pereussa
774 1974 918 2047 procella,

163 2058 263 2133 Ilium,
281 2073 340 2133 quo
356 2058 442 2117 laesa
457 2062 518 2127 est,
535 2056 639 2115 horret
653 2055 738 2115 adire
753 2057 864 2115 locum.

120 2144 201 2218 Ergo
218 2157 307 2217 cave,
323 2141 412 2214 liber,
429 2150 459 2202 et
472 2139 578 2200 timida
592 2140 792 2215 circumspice
806 2147 921 2200 mentae

163 2229 203 2288 Ut
217 2227 290 2288 satis
306 2243 324 2285 a
338 2226 440 2285 media
454 2225 493 2285 sit
507 2224 560 2283 tibi
574 2224 665 2300 plebe
679 2224 748 2299 legi.

119 2314 198 2372 Dum
214 2312 288 2387 petit
302 2311 429 2370 infirmis
441 2309 566 2369 nimium
581 2308 723 2369 sublimia
733 2309 842 2385 pennis

71 2404 105 2458 90
161 2397 279 2471 icarus,
296 2394 459 2470 aequoreis
474 2393 598 2454 nomina
611 2393 683 2453 iecit
697 2393 795 2467 aquis.

117 2481 249 2542 Difficile
264 2487 425 2540 esttamen
441 2478 526 2552 hino,
542 2478 634 2537 remis
649 2478 744 2537 utaris
761 2493 798 2536 au
814 2493 896 2548 aura,

161 2565 279 2626 Dicere.
317 2563 478 2623 eonsilium
493 2577 607 2637 resque
622 2565 772 2636 locusque
787 2560 911 2621 dabunt.

120 2649 151 2710 Si
168 2649 284 2724 poteris
302 2663 399 2707 vacuo
415 2647 506 2717 tradi,
524 2646 551 2706 si
566 2653 675 2706 cuncta
689 2644 808 2704 videbis

160 2733 257 2804 Micia,
274 2733 301 2792 si
319 2732 398 2792 vires
415 2732 538 2805 fregerit
552 2731 597 2790 ira
611 2745 701 2790 suas:

71 2825 103 2879 95
119 2816 151 2877 Si
168 2817 237 2891 quis
253 2817 322 2888 erit,
340 2817 391 2891 qui
405 2823 435 2876 te
451 2814 638 2875 dubitantem
653 2820 683 2873 ct
696 2813 781 2872 adire
796 2813 949 2872 timentem

158 2901 282 2974 Tradat,
299 2908 330 2962 et
343 2907 413 2960 ante
427 2905 527 2959 umen
542 2915 643 2974 pauca
656 2899 813 2972 loquatur,
829 2897 889 2956 adi.

117 2985 200 3045 Luce
214 2985 297 3044 bona
312 2985 499 3059 dominoque
514 2991 566 3044 tuo
582 2983 699 3043 felicior
713 2983 782 3056 ipso

159 3068 323 3130 Pervenias
338 3070 409 3129 illuc
424 3075 454 3129 et
468 3069 548 3127 mala
562 3073 667 3128 nostra
681 3067 777 3125 leves.

118 3153 255 3229 Namque
270 3169 308 3214 ea
318 3154 367 3213 vei
382 3168 487 3228 nemo,
503 3154 552 3211 vel
567 3153 618 3226 qui
633 3150 705 3209 mihi
721 3150 847 3207 vulnera
861 3147 932 3208 iecit

71 3247 108 3298 oo
162 3237 254 3298 Solus
268 3237 407 3298 Achilleo
421 3239 527 3298 tollere
542 3250 628 3296 more
641 3240 753 3309 potest.

117 3321 298 3382 Tantumne
314 3337 444 3396 noceas,
461 3322 534 3381 dum
547 3319 596 3378 vis
612 3319 780 3394 prodesse,
797 3316 910 3375 videto.

162 3405 239 3464 Nam
254 3421 328 3481 spes
344 3412 392 3465 est
407 3404 499 3464 animi
514 3411 620 3464 nostra
634 3404 741 3463 timore
756 3400 863 3459 minor.

121 3488 268 3564 Quaeque
284 3488 529 3565 quiescebatne
545 3493 628 3549 mota
641 3485 794 3548 resaeviat
807 3483 865 3625 1Γῂ
