2318 3960
509 221 735 282 TRISTIUM

235 375 359 450 Eubius,
382 375 518 449 impurae
534 371 674 432 conditor
686 371 841 446 historiae,

194 459 256 518 Nec
272 458 324 533 qui
340 458 512 533 composuit
527 470 625 531 nuper
640 453 831 534 Sybaritida,
848 453 932 531 fugit,

235 542 297 601 Nec
314 542 366 616 qui
383 538 561 602 concubitus
575 554 637 598 000
657 544 780 598 1000010
795 553 881 599 0000.

196 626 332 699 Suntque
347 640 384 684 ea
399 625 559 683 doctorum
573 622 775 682 monumentis
790 622 884 682 mixta
897 622 1047 700 virorum,

132 719 183 771 400
238 707 479 781 Muneribusque
493 707 606 767 ducum
625 704 747 781 publica
762 707 841 765 facta
856 711 970 782 patent.
1157 709 1159 716 '

194 793 278 851 Neve
293 790 461 866 peregrinis
476 797 590 851 tantum
610 789 758 849 defendar
776 789 814 849 ab
829 790 937 850 armis:

235 875 273 934 Et
286 875 443 934 Romanus
457 873 550 934 habet
563 875 657 933 multa
677 873 785 934 iocosa
799 873 884 932 liber.

194 959 295 1032 thue
309 973 366 1018 suo
381 958 508 1017 Martem
523 957 632 1017 cecinit
646 957 748 1032 gravis
763 956 878 1016 Ennius
895 971 957 1029 ore,

235 1041 350 1102 Ennius
365 1042 486 1116 ingenio
502 1041 668 1112 maximus,
690 1046 754 1099 arte
767 1040 869 1100 rudis·

131 1139 182 1191 405
197 1125 337 1200 Explicat
349 1131 383 1185 ut
397 1140 509 1186 causas
525 1125 623 1200 rapidi
640 1123 819 1183 Lucretius
812 1123 899 1197 ignis,

240 1208 449 1283 Casurumque
460 1208 605 1287 triplex
590 1207 767 1268 vaucmatur
781 1222 875 1282 opus.

197 1291 248 1352 Sic
263 1307 320 1352 sua
334 1292 450 1352 lascivo
467 1297 586 1352 cantata
600 1278 648 1350 est
663 1284 758 1366 saepe
766 1286 890 1351 Catullo

234 1375 373 1448 Femina,
395 1376 444 1436 cui
460 1376 571 1435 1010010
583 1373 698 1445 Lesbia
712 1389 823 1433 nomen
838 1379 913 1433 erat

195 1458 257 1518 Nec
272 1466 432 1519 contentus
448 1473 500 1530 ea,
516 1458 628 1518 multos
642 1457 778 1532 vulgavit
793 1471 924 1531 amores,

133 1547 184 1602 400
238 1543 270 1599 10
288 1540 398 1615 quibus
414 1541 483 1616 ipse
503 1557 591 1600 suum
606 1541 711 1601 lassus
726 1539 907 1600 adulterium
922 1545 977 1599 est.

196 1624 253 1683 Par
268 1625 323 1684 fuit
338 1623 441 1699 exigui
456 1623 626 1698 similisque
646 1623 768 1683 licentia
784 1623 877 1698 Calvi,

238 1706 359 1767 Detexit
369 1707 466 1767 variis
482 1707 534 1781 qui
551 1707 700 1768 sualurta
716 1707 826 1767 modis.

197 1790 274 1864 Quid
288 1790 417 1850 referam
428 1790 566 1863 Ticidae,
584 1789 658 1864 quid
668 1789 789 1850 Memmi
801 1805 932 1866 carmen,
948 1790 1033 1866 apud
1045 1805 1119 1870 quos

234 1872 339 1933 Rebus
354 1873 443 1934 adest
456 1888 567 1933 nomen
582 1873 818 1957 nominibusque
834 1874 955 1949 pudort

133 1965 183 2020 405
200 1957 292 2018 Cinna
305 1972 429 2035 quoque
436 1958 485 2018 lus
493 1972 598 2019 comes
610 1957 834 2033 estoinnaque
845 1957 1121 2032 [110000101Αο3θῆ

233 2039 271 2099 lit
283 2041 352 2100 lave
366 2040 506 2102 Comifici
520 2056 638 2116 parque
654 2041 775 2101 catonis
791 2056 886 2116 opust

167 2138 181 2187 t
168 2100 232 2184 Et
248 2140 377 2198 quorum
392 2124 477 2184 libris
493 2125 585 2183 modo
602 2124 793 2184 dissimulata
806 2123 935 2184 Perillae

173 2207 378 2280 (Nomine,
400 2222 479 2265 nunc
494 2207 679 2281 legiturt
617 2207 712 2282 diat,a
729 2207 858 2281 Metelle,
880 2213 944 2267 tuo.

195 2292 226 2351 ls
243 2303 383 2364 quoque,
400 2288 568 2349 Phasiacas
585 2290 670 2364 Argo
687 2290 739 2364 qui
756 2290 865 2351 duxit
857 2307 888 2350 10
902 2289 1015 2365 undas,

9 2428 35 2451 1,
102 2413 105 2417 -
130 2378 181 2451 440
237 2372 304 2431 Non
322 2379 376 2448 pot
364 2372 419 2432 tuit
437 2387 559 2433 venerrs
564 2374 654 2434 turta
668 2381 772 2434 tacere
787 2389 873 2434 suae

15 2452 49 2479 ‘²‘
76 2466 79 2471 ·
192 2440 255 2516 1100
272 2455 373 2516 minus
388 2456 548 2528 Hortensi,
566 2472 623 2516 nec
644 2463 715 2517 sunt
730 2456 831 2536 minus
851 2455 993 2534 improba
1010 2455 1098 2520 Servi

237 2538 385 2599 Carmina.
425 2538 499 2612 Quis
516 2538 602 2599 dubit
591 2546 633 2601 tet
647 2541 772 2602 nomina
787 2528 872 2601 tanta
887 2540 1000 2614 sequit

195 2622 292 2681 Vertit
308 2621 464 2683 Aristiden
482 2622 628 2698 Sisenna,
650 2639 708 2684 nec
722 2623 820 2685 obluit
836 2625 888 2697 illi,

236 2705 389 2767 Historiae
404 2713 510 2782 turpes
531 2707 701 2768 insemisse
719 2708 817 2769 iocos

9 2792 38 2903 ’κ’
57 2864 62 2883 ἢ
88 2840 94 2866 ,
128 2792 178 2846 445
193 2789 260 2849 1100
275 2787 330 2849 luit
346 2790 512 2873 opprobrio
528 2791 705 2852 celebrasse
720 2791 875 2869 Lycorida
889 2789 1012 2864 Gallo,

238 2872 299 2933 Sed
313 2865 470 2947 linguam
463 2874 555 2934 nimio
572 2889 634 2934 non
649 2875 788 2936 tenuisse
807 2889 902 2934 mero.

196 2955 327 3016 Credere
346 2956 454 3016 iuranti
470 2958 577 3018 durum
594 2964 680 3033 putat
695 2972 768 3019 esse
782 2957 929 3028 Tibullus,

238 3037 289 3099 Sic
303 3040 392 3101 etiam
408 3039 446 3100 00
463 3057 498 3101 00
518 3041 603 3116 quod
617 3049 708 3116 neget
722 3041 774 3101 1110
788 3040 870 3102 viro.

194 3121 310 3183 Fallere
325 3124 484 3185 custodem
501 3124 622 3186 demum
637 3125 784 3186 docuisse
800 3126 918 3199 latetur,

129 3211 181 3265 450
239 3205 340 3281 Seque
358 3225 414 3268 sua
428 3208 573 3269 misemm
592 3224 673 3269 nunc
693 3209 734 3269 ait
749 3215 813 3268 arte
826 3207 940 3284 premis

195 3289 310 3364 Saepe,
332 3292 415 3350 velut
429 3306 579 3365 gemmam
602 3292 744 3352 dominae
760 3291 920 3368 signumve
935 3288 1089 3367 probaret,

235 3371 293 3432 Per
312 3389 438 3434 causam
453 3376 589 3436 meminit
603 3391 639 3437 se
658 3376 798 3451 tetigisse
814 3390 952 3436 manum=

195 3455 295 3530 thue
311 3457 418 3532 refert,
435 3455 537 3534 digitis
555 3473 651 3535 saepe
668 3466 716 3521 est
729 3466 863 3536 nutuque
878 3459 1008 3533 locutus,
