2318 3960
379 222 416 297 V,
443 219 492 298 13,
518 219 652 299 lit-14,
670 225 726 288 46.

123 374 264 451 Perpetui
280 375 409 435 fructum
425 374 538 434 donavi
550 376 698 439 nominis.
720 377 823 454 idque,

163 458 228 532 Quo
244 457 318 518 dare
333 458 375 517 nil
390 457 475 534 potui
488 474 613 519 munere
627 461 735 537 maius,
757 463 865 524 habes.

77 555 114 608 15
125 543 217 603 Adde
233 542 325 617 quod,
347 551 380 602 ut
392 557 496 604 rerum
510 544 621 605 soliers
636 546 730 606 tutela
743 562 879 607 mearum

161 626 212 687 Ad
226 631 264 700 te,
288 640 349 684 non
365 626 453 702 parvi
467 627 551 687 venit
564 628 692 690 honoris
708 645 796 703 onus,

122 709 211 786 Quod
225 726 392 784 numquam
408 725 471 772 uox
485 717 538 779 est,
547 712 587 774 de
602 717 633 774 te
646 728 716 774 ntea
730 721 821 790 muta
846 716 948 791 tuique

162 793 286 854 Iudiciis
303 792 399 855 debes
414 809 485 856 esse
499 795 635 868 superba
650 797 717 856 viri.

122 878 261 954 Quaene
277 879 346 954 quis
361 879 462 954 possit
475 880 637 956 temeraria
651 879 763 955 dicere,
786 890 900 959 persta,

74 973 114 1028 no
165 962 203 1021 Et
217 961 331 1038 pariter
345 977 436 1023 serva
450 977 562 1039 meque
576 965 721 1039 piamque
736 965 838 1025 tidem.

119 1046 196 1107 Nam
211 1051 272 1119 tua,
296 1046 369 1106 dum
384 1046 533 1121 stetimus,
555 1048 636 1123 turpi
650 1049 718 1108 sine
733 1049 858 1110 crimine
871 1050 990 1126 mansit,

158 1131 197 1189 Et
210 1135 327 1190 tuntum
341 1130 479 1206 probitas
495 1131 715 1207 inreprehensa
729 1132 793 1193 fuit.
859 1208 861 1211 v

119 1219 203 1274 Area
217 1213 257 1273 de
270 1219 376 1274 nostra
389 1229 471 1275 nnnc
486 1213 601 1275 esttibi
615 1217 696 1276 tacta
709 1216 813 1275 ruina=

163 1297 368 1373 conspicuum
383 1299 480 1359 virtus
495 1299 546 1358 hic
560 1306 612 1359 tua
626 1305 722 1374 ponat
736 1306 832 1375 opust

73 1394 111 1446 25
122 1382 202 1443 Esse
208 1380 320 1442 bonam
328 1382 418 1442 facile
429 1389 486 1458 est,
498 1382 550 1442 ubi
559 1382 642 1458 quod
655 1389 735 1443 vetet
747 1398 827 1454 esse,
838 1389 987 1445 remotum
1000 1392 1053 1459 est,

160 1465 198 1526 Et
211 1465 285 1525 nihil
297 1466 400 1526 officio
416 1474 512 1543 nupta
526 1466 614 1541 quod
625 1466 725 1528 obstet
738 1466 839 1526 babet.

120 1551 195 1611 Cum
210 1549 286 1610 deus
302 1545 440 1626 intonuit,
462 1566 524 1610 non
539 1566 575 1611 se
590 1551 764 1612 subducere
779 1550 892 1627 nimbo,

160 1634 196 1696 id
212 1632 333 1694 demum
350 1634 460 1710 pietas,
485 1635 518 1694 id
533 1635 658 1696 socialis
675 1651 770 1698 arnor.
808 1662 811 1667 ·

119 1719 201 1778 Rara
215 1717 338 1792 quidem
353 1718 458 1791 virtus,
482 1735 573 1794 quam
587 1735 648 1779 non
663 1719 797 1780 Fortuna
810 1719 966 1795 gubernet,

73 1814 112 1868 30
166 1801 249 1875 Quae
263 1808 385 1862 maneat
398 1801 499 1863 stabili
515 1819 583 1863 curn
597 1804 675 1878 fugit
688 1803 739 1863 iila
755 1804 845 1879 pede.

118 1885 215 1961 Siqua
228 1892 329 1946 tamen
345 1886 434 1963 pretii
448 1886 507 1946 sibi
522 1902 641 1947 merces
656 1888 725 1964 ipsa
740 1887 834 1963 petiti,

158 1971 256 2046 Inque
270 1985 379 2045 parum
394 1970 481 2032 tactis
496 1972 592 2032 ardua
607 1970 699 2032 rebus
715 1971 814 2044 adest,
886 1985 890 1990 ·

117 2055 157 2115 Ut
170 2061 291 2130 tempus
306 2070 458 2128 numeres,
480 2070 537 2131 per
552 2056 677 2115 saecuta
690 2055 774 2116 nuiia
787 2060 912 2126 tacetur,

160 2137 198 2198 Et
209 2140 279 2199 loca
293 2138 438 2199 mirantur
453 2155 514 2214 qua
526 2144 610 2215 patet
623 2138 706 2200 orbis
721 2138 786 2198 iter.

72 2232 110 2285 35
120 2222 254 2297 Aspicis,
276 2228 311 2281 ut
324 2223 416 2298 longo
431 2229 534 2284 teneat
549 2223 713 2284 laudabitis
728 2237 806 2282 aevo

159 2306 276 2367 Nomen
290 2305 488 2368 inextinctum
502 2305 676 2383 Penelopea
689 2306 790 2367 fldes‘t

119 2390 233 2462 Cernis,
256 2397 290 2449 ut
301 2390 424 2451 Admeti
439 2397 576 2450 cantetur
591 2397 621 2450 et
634 2390 776 2449 Hectoris
790 2404 879 2463 uxor,

160 2475 310 2550 Ansaque
324 2475 355 2533 in
370 2490 522 2535 accensos
537 2474 641 2550 Iphias
657 2474 701 2534 ire
715 2480 832 2548 rogos?

119 2557 158 2618 Ut
171 2557 255 2617 vivat
269 2558 349 2617 iarna
364 2559 497 2619 coniunx
512 2557 686 2636 Phylaceia,
711 2557 799 2618 cuius

71 2650 110 2706 40
163 2641 286 2701 Iliacam
301 2643 393 2703 celeri
409 2643 457 2701 vir
469 2643 551 2718 pede
565 2641 681 2716 pressit
692 2641 839 2699 humumt

116 2724 215 2784 Morte
230 2725 303 2784 nihil
319 2723 398 2801 opus
414 2732 462 2786 est
475 2741 531 2801 pro
548 2740 605 2799 me,
629 2725 686 2784 sed
700 2738 805 2784 amore
819 2721 958 2796 fideque:

160 2809 227 2868 Non
242 2824 282 2868 ex
295 2809 411 2870 disiiciti
426 2811 507 2869 iarna
522 2809 655 2885 petenda
668 2807 722 2868 tibi
737 2812 793 2866 est.

116 2893 180 2952 Nec
194 2900 225 2953 te
240 2893 417 2965 credideris,
446 2895 592 2965 quianon
607 2892 693 2966 iacis,
715 2892 775 2951 ista
788 2888 915 2949 moneri.

159 2977 238 3037 Veia
253 2976 371 3050 damus
395 2979 534 3052 quamvis
548 2976 663 3051 remige
677 2974 790 3051 puppis
806 2978 864 3032 eat.
947 3033 949 3037 ,

71 3070 109 3123 45
122 3059 178 3134 Qui
193 3067 304 3136 monet,
327 3068 359 3120 ut
372 3060 478 3135 socias,
502 3061 586 3138 quod
601 3060 662 3119 iam
677 3059 763 3132 iacis,
785 3056 836 3116 ille
850 3047 1003 3117 monendo

162 3144 281 3207 Laudat
294 3151 325 3206 et
337 3145 460 3208 hortatu
474 3142 654 3223 comprobat
670 3148 738 3204 acta
752 3155 818 3204 suo.

444 3321 640 3330 m-——m-
