2318 3960
98 213 135 279 16
481 211 708 275 TRISTIUM

107 375 141 428 ⁸25
156 366 389 446 Dicendumque
403 368 499 427 semel
514 372 577 426 toto
594 379 655 424 non
670 366 800 440 amplius
815 381 894 428 aevo
990 365 995 376 '

192 452 358 528 Accipere,
379 460 408 510 ct
428 451 516 526 parili
531 449 663 508 reddere
677 464 771 523 voce,
786 452 877 510 vale?

157 537 197 595 At
213 537 312 596 secere
327 535 377 593 atii
392 535 475 594 nutto
497 534 570 592 mihi
586 533 712 591 ioedcre
728 534 830 607 iuncti,

197 616 235 679 Et
248 619 390 679 lacrimas
406 618 497 676 animi
513 618 602 691 signa
617 616 733 676 dedere
748 617 805 676 sui.

158 703 250 776 Quid,
267 703 325 762 nisi
342 702 484 762 convictu
503 701 670 775 causisque
685 701 858 762 valentibus
875 717 978 764 essem

109 794 144 847 30
197 787 356 862 Temporis
373 793 402 846 et
418 786 500 860 longi
517 786 636 845 vinctus
652 799 757 844 amore
773 785 848 846 tibia

157 869 250 944 Quid,
272 870 330 930 nisi
348 877 393 931 tot
403 872 490 930 lusus
507 875 537 929 et
551 876 596 930 tot
612 884 681 928 mea
699 869 781 928 seria
795 885 918 944 nosses,

198 955 251 1013 Tot
268 969 394 1014 nossem
408 955 494 1014 lusus
511 953 655 1028 seriaque
670 953 739 1028 ipse
753 960 825 1014 tuat

156 1036 249 1109 Quid,
266 1038 293 1096 si
310 1039 456 1098 duntaxat
470 1038 588 1097 Romae
603 1037 656 1097 tibi
672 1038 813 1111 cognitus
829 1053 942 1113 essem,

198 1121 323 1182 Ascitus
344 1122 455 1182 totiens
471 1121 500 1179 in
516 1137 612 1195 genus
630 1136 719 1180 omne
739 1122 821 1181 iocit
954 1129 957 1135 '

95 1212 144 1265 ·35
161 1203 313 1265 Cunctane
328 1206 358 1266 in
374 1219 547 1281 aequoreos
563 1204 702 1265 abierunt
716 1205 800 1264 irrita
817 1212 949 1266 ventos?

204 1289 356 1350 cunctane
371 1289 512 1350 Lethaeis
529 1305 630 1348 mersa
648 1290 784 1348 seruntur
804 1290 914 1364 aquisr

159 1373 225 1433 Non
245 1390 302 1449 ego
318 1383 348 1435 te
362 1372 484 1450 placida
497 1373 631 1447 genitum
648 1389 719 1434 reor
733 1373 808 1432 urbe
823 1373 948 1447 Quirini,

200 1457 297 1531 Urbe,
317 1474 385 1517 meo
403 1473 482 1531 quae
497 1456 556 1514 iam
571 1473 631 1516 non
653 1457 796 1516 adeunda
811 1458 891 1532 pede
903 1463 962 1530 est,

164 1541 226 1600 Sed
242 1541 396 1615 scopulis,
416 1541 503 1599 Ponti
520 1555 599 1614 quos
615 1539 692 1598 hacc
706 1539 798 1599 habet
815 1557 868 1601 ora
883 1540 1007 1615 sinistri,

115 1633 149 1683 40
205 1626 302 1699 inque
322 1625 394 1684 seris
411 1622 557 1702 Scythiae
574 1622 813 1699 Sarmaticisque
828 1625 923 1700 iugis:

159 1706 199 1767 Et
215 1714 267 1767 tua
282 1716 353 1769 sunt
367 1708 462 1768 silicis
479 1707 590 1766 circum
607 1709 789 1781 praecordia
803 1724 911 1782 venae,

203 1792 241 1852 Et
260 1792 391 1867 rigidum
412 1791 483 1851 ferri
504 1791 620 1851 semina
640 1798 748 1866 pectus
769 1792 876 1851 habet:

161 1875 306 1950 Quaeque
325 1876 378 1935 tibi
400 1875 553 1951 quondam
574 1882 679 1934 tenero
701 1875 842 1935 ducenda
862 1879 965 1951 palato

203 1959 295 2019 Plena
316 1960 399 2021 dedit
418 1958 518 2020 nutrix
537 1957 647 2031 ubera,
668 1958 753 2034 tigris
774 1967 852 2021 erat:

116 2051 148 2104 45
164 2044 223 2105 Aut
243 2045 323 2103 mala
342 2051 447 2104 nostra
465 2042 565 2102 minus
588 2059 677 2117 quam
699 2061 760 2104 non
781 2044 880 2104 aliena
900 2049 1036 2119 putares,

209 2127 409 2202 Duritiaeque
428 2126 499 2185 mihi
519 2143 581 2186 non
602 2141 728 2201 agerere
747 2143 827 2188 reus.

165 2209 227 2270 Sed
249 2211 392 2286 quoniam
413 2210 531 2269 accedit
551 2208 691 2268 fatalibus
712 2209 771 2269 hoc
792 2227 917 2286 quoque
938 2210 1070 2284 damnis,

198 2295 238 2355 Ut
258 2301 382 2355 careant
401 2293 534 2354 numeris
555 2299 693 2367 tempora
715 2295 811 2368 prima
831 2296 907 2370 suis

163 2377 274 2452 Effice,
295 2379 413 2452 peceati
434 2394 472 2438 ne
492 2377 550 2437 sim
569 2391 685 2436 memor
703 2376 810 2454 huiuS,
832 2385 861 2438 et
880 2379 931 2438 itio

118 2472 152 2522 50
210 2461 348 2522 Officium
371 2463 507 2534 taudem,
529 2477 591 2536 quo
613 2475 739 2536 queror,
762 2479 815 2522 cre
836 2471 927 2524 tuum.
966 2460 967 2464 ’

106 2591 146 2688 9.
167 2592 268 2688 Detur
288 2629 471 2690 inoffensam
491 2632 572 2691 vitae
592 2630 646 2690 tibi
664 2636 790 2705 tangore
809 2635 929 2703 metam,

208 2713 263 2787 Qui
284 2715 361 2789 legis
381 2714 441 2775 hoc
461 2715 551 2776 nobis
572 2732 634 2776 non
654 2715 794 2776 inimicus
816 2730 905 2790 opus.

170 2799 270 2871 Atque
288 2799 401 2858 utinam
422 2816 478 2875 pro
498 2805 528 2859 te
548 2799 669 2875 possint
687 2815 755 2859 mea
774 2805 848 2859 vota
868 2798 978 2869 valere,

209 2881 293 2955 Quae
312 2899 368 2958 pro
389 2899 437 2944 me
457 2884 552 2944 duros
572 2901 634 2944 non
653 2883 778 2958 tetigere
798 2883 888 2942 deos!

139 2965 275 3026 anonae
296 2968 356 3027 eris
377 2968 466 3040 felix,
487 2967 599 3029 multos
620 2966 795 3028 numerabis
816 2966 962 3045 amicos=⁸
1045 2987 1048 2993 ·

211 3051 360 3126 Tempora
380 3051 406 3111 si
427 3053 536 3113 suerint
555 3052 674 3125 nubila,
695 3052 780 3111 solus
802 3052 872 3111 eris.

171 3133 310 3209 Aspicis,
331 3141 363 3194 ut
382 3136 506 3196 veniant
526 3136 564 3197 ad
586 3136 717 3198 candida
737 3142 816 3195 tecta
836 3131 1004 3205 columbae,

213 3217 354 3293 Accipiat
373 3219 471 3279 nullas
492 3221 620 3282 sordida
639 3219 729 3280 turris
750 3225 846 3278 aves?

170 3301 287 3359 Horrea
307 3301 451 3362 formicae
470 3304 597 3364 tendunt
616 3305 655 3364 ad
675 3302 777 3363 inania
796 3316 972 3377 numquam.

129 3392 162 3444 10
217 3383 323 3448 Nuttus
344 3386 383 3445 ad
404 3386 534 3446 amissas
555 3388 608 3447 ibit
623 3388 738 3447 amicus
760 3401 847 3460 opes.

175 3467 276 3542 thue
296 3484 400 3529 comcs
420 3470 524 3531 radios
545 3487 601 3547 per
622 3472 696 3531 sciis
718 3468 858 3529 euntibus
879 3465 986 3529 umbra
1006 3475 1060 3538 est,
