2318 3960
495 183 719 246 TRISTIUM

221 340 308 400 clara
322 353 379 398 nec
393 337 484 397 ullius
499 334 654 395 nobilitate
669 335 774 394 minor.

177 424 217 484 Ut
230 437 331 499 neque
345 420 457 481 divitiis
473 433 529 478 nec
543 424 721 494 paupertate
736 417 879 492 notanda,

129 537 168 552 ·-
222 506 311 566 Unde
326 506 365 565 sit
379 505 410 562 iu
425 508 563 562 neutmm
577 501 814 576 conspiciendus
829 517 935 576 eques.

128 623 170 634 ·-
182 590 227 651 Sit
241 604 366 664 queque
379 592 485 646 nestra
499 585 609 646 domus
626 586 674 646 vel
689 599 784 645 censu
798 601 894 660 parva
909 586 958 646 vei
972 595 1055 649 anu:

118 683 169 737 116
220 672 344 747 Ingenio
361 677 442 731 certe
456 684 518 728 non
534 670 605 729 latet
618 669 670 728 illa
683 684 762 728 meo.

177 757 242 830 Quo
258 754 365 815 videar
381 753 519 828 quamvis
534 752 659 813 nimium
672 751 851 813 iuvenaliter
864 767 949 825 usus,

220 839 342 898 Grande
356 844 455 898 tamen
471 843 534 897 tcta
549 852 662 896 nomen
675 834 713 896 ab
729 835 802 896 orbe
818 835 898 894 ler0=

176 921 338 997 Turbaque
353 922 512 982 doctorum
525 920 680 980 Nasonem
694 920 786 993 novit
806 925 836 979 et
849 919 942 979 audet

114 1016 166 1068 120
219 1006 285 1065 Non
301 1005 443 1066 fastiditis
458 1005 659 1064 adnumerare
673 1003 757 1063 viris.

178 1089 295 1149 corruit
309 1088 385 1149 haec
401 1089 488 1164 igitur
501 1086 598 1148 Musis
614 1094 748 1162 acceptu,
771 1087 828 1146 sub
843 1101 914 1161 uno,

215 1171 280 1233 Sed
293 1187 354 1231 non
370 1171 481 1247 exiguo
505 1171 629 1233 crimine
642 1172 731 1246 lapsa
746 1171 870 1231 domus:

176 1258 277 1330 Atque
292 1270 329 1315 ea
344 1255 389 1316 sie
403 1257 492 1331 lapsu
505 1261 561 1329 est,
584 1261 617 1315 ut
630 1269 764 1329 surgere,
787 1254 919 1316 simodo
934 1256 1010 1316 laesi

214 1339 414 1399 Ematuruerit
429 1338 569 1399 Caesaris
585 1339 637 1412 ira,
662 1345 762 1413 queat.

114 1430 167 1485 125
179 1422 271 1484 Cuius
285 1423 316 1482 in
331 1429 443 1482 eventu
458 1437 577 1498 poenae
593 1421 752 1481 clementia
766 1426 849 1482 tanta
863 1428 918 1485 est.

215 1506 342 1565 Venerit
354 1513 388 1565 ut
402 1513 508 1565 nostra
524 1505 621 1564 lenior
635 1505 687 1563 illa
700 1510 791 1564 metu.

178 1589 249 1649 Vita
263 1588 334 1649 data
349 1595 404 1661 est,
421 1589 557 1663 citraque
571 1603 678 1647 necem
693 1593 745 1648 tua
759 1587 892 1648 constitit
905 1589 957 1660 ira,

215 1671 238 1732 0
253 1671 396 1747 princeps
411 1687 505 1746 parce
519 1670 636 1731 viribus
651 1685 708 1730 use
723 1671 795 1730 tuis!

151 1772 154 1778 ·
178 1756 306 1829 Insuper
321 1755 480 1829 accedunt,
504 1764 532 1814 te
547 1771 607 1821 non
623 1755 784 1827 adimente,
807 1759 984 1828 paternae...

114 1846 166 1900 130
218 1839 384 1914 Tamquam
399 1839 461 1898 vita
475 1853 582 1913 parum
596 1838 730 1899 muneris
745 1843 858 1897 esset...
874 1852 961 1911 opes

174 1921 237 1981 Nec
251 1936 320 1980 mea
335 1922 457 1982 decreto
474 1921 624 1982 damnasti
639 1923 721 1980 lacta
735 1927 869 1994 senatus,

214 2004 276 2063 Nec
290 2019 359 2064 mea
373 2006 488 2066 selecto
503 2005 605 2065 iudice
620 2005 706 2066 iussa
724 2005 797 2079 tuga
811 2011 867 2063 est.

173 2087 322 2148 Tristibus
337 2088 475 2150 invectus
490 2089 623 2148 verbis...
638 2088 679 2147 ita
694 2087 831 2162 principe
846 2086 1001 2161 dignum...

215 2171 302 2232 Ultus
317 2185 351 2229 es
367 2170 512 2242 offensas,
533 2177 565 2229 ut
579 2171 676 2244 decet,
698 2171 767 2245 ipse
781 2179 860 2231 tuas.

114 2261 163 2315 135
175 2254 275 2328 Adde,
299 2255 383 2328 quod
398 2254 540 2327 edictum,
564 2253 704 2328 quamvis
720 2253 832 2313 immite
846 2253 1020 2329 minaxque,

214 2337 355 2396 Attamen
370 2337 401 2396 in
416 2352 536 2412 poenae
550 2337 672 2395 nemine
686 2337 754 2396 lene
769 2336 837 2398 luite

177 2419 296 2495 Quippe
309 2419 473 2494 relegatus,
496 2436 557 2480 non
573 2421 653 2493 exul,
677 2420 762 2480 dicor
775 2421 807 2480 in
821 2420 881 2493 illc,

216 2502 522 2576 Privaque'lortunae
536 2510 608 2563 sunt
622 2504 692 2563 data
707 2504 801 2563 verba
815 2518 911 2563 meac.

172 2585 259 2646 Nulla
275 2585 398 2660 quidem
414 2602 490 2647 sano
505 2585 628 2661 gravior
641 2588 813 2661 mentisque
828 2585 942 2661 potenti

114 2676 163 2729 tec
214 2667 317 2728 Poena
331 2675 386 2744 est,
409 2686 500 2745 quam
514 2675 596 2731 tanto
612 2669 806 2746 displicuisse
822 2670 903 2729 viro:

175 2750 238 2812 Sed
252 2753 332 2813 solet
345 2753 496 2814 interdum
511 2754 576 2814 fieri
592 2753 741 2828 placabile
754 2769 876 2827 numen,

214 2835 301 2896 Nube
316 2836 395 2895 solet
410 2839 500 2913 pulsa
514 2837 663 2898 candidus
678 2837 723 2898 ire
738 2837 815 2897 dies.

174 2918 246 2978 Vidi
261 2933 319 2993 ego
336 2919 506 2995 pampineis
522 2927 677 2982 oneratam
691 2918 804 2981 vitibus
817 2921 939 2991 ulmum,

212 3000 295 3074 Quae
311 3001 407 3064 luerat
421 3019 517 3064 suevo
533 3004 658 3066 fulmine
671 3010 752 3065 tacta
766 3005 859 3065 lovis.

114 3093 163 3145 145
174 3086 246 3160 lpse
260 3085 330 3146 licet
344 3102 472 3162 sperare
485 3095 581 3162 vetes,
605 3088 812 3163 sperabimus,
835 3093 925 3162 atque

211 3168 277 3227 Hoc
291 3186 386 3232 unum
399 3172 466 3232 fieri
479 3179 509 3232 te
523 3171 702 3248 prohibente
717 3177 826 3247 potest.

176 3250 255 3326 Spes
270 3251 343 3312 mihi
358 3271 469 3330 magna
484 3255 573 3329 subit,
595 3271 663 3317 cum
678 3262 717 3328 te,
739 3253 898 3316 mitissime
911 3254 1072 3331 princepsa

219 3332 298 3410 Spes
314 3336 395 3410 milri,
418 3338 551 3413 respicio
568 3354 636 3400 cum
649 3354 718 3398 mea
732 3338 802 3412 lata,
826 3337 915 3398 cadit

173 3418 221 3479 Ac
238 3417 329 3479 veluti
343 3420 443 3479 ventis
458 3421 640 3494 agitantibus
656 3423 728 3481 aera
742 3437 803 3480 non
818 3426 866 3481 est
