2318 3960
434 184 464 224 v.
485 164 663 231 utu-297.

52 331 108 386 κο
158 320 312 398 Expertus
327 317 429 379 scelus
449 325 497 379 est
511 318 598 380 cuius
613 325 742 396 uterque
755 335 884 396 parens:

119 404 224 481 Qualis
239 407 312 478 erat,
326 408 492 478 postquam
505 409 554 462 est
567 402 661 463 iudex
675 403 716 463 de
730 403 781 465 lite
795 404 903 465 iocosa

160 486 315 564 Sumptus,
337 486 502 562 Apollinea
517 487 618 546 clarus
632 487 663 546 in
679 493 744 547 arte
758 503 869 548 senem

10 562 16 610 f
120 572 224 647 Qualis
238 577 269 633 ct
282 569 350 646 ipso
364 569 429 642 luit,
449 584 511 644 quo
529 569 737 646 praecipiente
751 569 892 632 columba

157 656 213 716 Est
227 656 300 716 data
310 652 466 716 Pdlsdiae
480 652 607 729 praevia
621 654 747 730 duxque
759 656 833 716 rati:

52 745 105 800 265
121 739 239 816 Quique
253 737 351 799 oculis
366 737 478 812 caruit,
493 752 550 812 per
564 751 643 812 quos
655 739 735 798 mele
749 738 870 800 viderat
883 755 998 814 aurum,

161 822 291 883 Inferias
305 827 377 884 nalo
394 837 475 897 quos
489 820 576 882 dedit
591 820 667 882 orba
681 837 811 898 parcns:

119 904 228 969 Pastor
241 912 274 967 ut
286 906 458 981 Aetnaeus,
475 904 523 965 cui
539 920 632 965 casus
647 911 717 966 ante
733 906 852 967 tuturos

162 990 303 1050 Telemus
316 988 501 1066 Eurymides
515 989 697 1050 vaticinatus
713 996 795 1051 erat:

120 1074 161 1135 Ut
176 1075 238 1136 duo
252 1072 415 1147 Phinidae,
432 1071 543 1148 quibus
558 1071 640 1133 idem
656 1073 757 1133 lumen
772 1073 893 1145 ademit,

53 1161 109 1222 ilo
166 1158 222 1232 Qui
236 1157 331 1219 dedit
346 1162 380 1218 ut
392 1155 563 1234 Thamyrae
576 1156 809 1232 Demodocique
824 1163 926 1232 caput

121 1241 172 1302 Sic
188 1241 299 1317 aliquis
313 1247 366 1301 tua
382 1239 520 1300 membra
534 1247 628 1314 secet,
651 1238 802 1302 Saturnus
817 1247 851 1301 ut
864 1241 932 1300 illas

164 1324 328 1387 Subsecuit
341 1329 461 1400 partes,
476 1323 558 1386 unde
569 1329 693 1385 creatus
706 1330 781 1383 erat.

120 1409 183 1470 Nec
197 1407 251 1469 tibi
265 1409 306 1470 sit
319 1407 427 1469 melior
440 1407 565 1471 tumidis
579 1407 737 1483 Neptunus
752 1406 782 1467 in
797 1406 898 1482 undis,

165 1492 260 1566 Quam
274 1492 323 1553 cui
338 1497 409 1555 sunt
422 1490 542 1553 subitae
556 1491 649 1552 frater
663 1496 692 1552 et
705 1505 786 1551 uxor
801 1505 891 1551 aves:

53 1583 109 1640 275
123 1574 308 1652 Sollertique
320 1576 405 1651 viro,
417 1575 541 1636 lacerae
557 1591 648 1651 quem
662 1575 759 1636 fracta
772 1581 924 1636 tenentem

163 1659 301 1720 Membra
313 1659 388 1722 ratis
404 1657 541 1724 Semeles
557 1665 605 1720 est
618 1659 763 1720 miserate
775 1674 877 1721 soror.

121 1744 179 1803 Vel
193 1750 259 1817 tua,
275 1758 316 1805 ne
329 1758 451 1819 poenae
464 1758 562 1818 genus
577 1742 638 1804 hoc
651 1743 832 1819 cognoverit
844 1757 933 1815 unus,

161 1826 292 1887 Viscera
306 1826 440 1890 diversis
453 1827 557 1890 scissa
571 1829 705 1887 ferantur
719 1827 822 1903 equls=

120 1911 180 1970 Vel
195 1925 290 1986 quae,
307 1911 360 1986 qui
373 1910 482 1970 redimi
494 1911 635 1971 Romano
648 1917 737 1986 turpe
753 1910 879 1986 pulavit,

53 2001 109 2057 280
163 1995 194 2054 A
207 1994 286 2055 duce
299 1993 433 2055 Puniceo
448 1994 588 2070 pertulit,
603 1993 673 2069 ipse
688 1995 780 2055 ieras.

121 2079 184 2138 Neo
197 2077 251 2136 tibi
266 2075 407 2138 subsidio
422 2092 573 2153 praesens
589 2077 629 2138 sit
642 2092 769 2153 numen,
784 2083 819 2137 ut
831 2076 883 2150 illi,

163 2161 216 2222 Cui
231 2161 273 2220 nil
286 2161 415 2224 Rhoetei
430 2160 544 2237 proluit
558 2177 612 2221 ara
625 2161 720 2223 lovis.

120 2245 222 2320 thue
238 2245 323 2307 dedit
336 2246 434 2306 saltus
449 2246 489 2305 de
502 2261 623 2306 summa
635 2245 803 2306 Thessalus
819 2243 909 2320 Ossa,

161 2330 206 2389 Tu
221 2344 346 2405 quoque
360 2344 476 2392 saxoso
491 2328 692 2405 praecipitere
706 2330 787 2405 iugo.

54 2420 109 2475 285
124 2413 186 2474 Aut
199 2413 282 2473 velut
295 2412 436 2490 Euryali,
453 2413 506 2489 qui
521 2419 676 2489 sceptrum
692 2413 773 2490 cepit
786 2411 824 2473 ab
839 2411 902 2487 lllo,

164 2494 232 2556 Sint
244 2503 327 2557 ortus
342 2497 442 2558 avidis
458 2497 607 2574 anguibus
623 2512 697 2558 esca
709 2498 763 2558 tul.

120 2580 180 2639 Vel
193 2585 246 2640 tua
259 2586 403 2655 maturet,
419 2580 498 2643 sicut
512 2581 628 2642 Minoia
642 2583 713 2655 lata,

163 2663 223 2722 Per
237 2671 329 2740 caput
343 2665 464 2727 inlusae
478 2665 615 2727 fervidus
630 2665 740 2726 humor
754 2677 864 2738 aquae.

123 2746 226 2821 thue
241 2763 369 2824 operum
383 2749 480 2824 mitis,
496 2750 554 2810 sed
568 2764 631 2810 non
645 2748 785 2824 impune,
801 2744 1007 2819 Prometheus,

51 2839 109 2895 290
161 2830 271 2892 Aerias
286 2833 429 2894 volucres
443 2833 594 2908 sanguine
608 2832 690 2894 fixus
706 2834 781 2893 alas.

123 2915 185 2976 Aut
197 2915 281 2977 velut
293 2914 468 2990 Etracides,
484 2932 596 2992 magno
610 2922 657 2978 ter
671 2916 710 2976 ab
724 2913 854 2976 Hercula
869 2913 1051 2989 quinum-

167 2998 282 3059 caesus
297 2999 328 3060 in
342 3000 513 3062 inmensum
529 3001 680 3077 proiciare
695 3002 813 3060 fretum.

121 3081 183 3142 Aut
195 3089 229 3143 ut
241 3083 447 3161 Amyntiaden
461 3085 542 3161 turpi
557 3085 685 3146 dilectus
700 3098 804 3143 amore

163 3165 281 3241 Oderit,
297 3175 327 3229 et
340 3184 436 3230 soevo
451 3170 591 3230 vulneret
606 3183 681 3228 ense
696 3183 782 3244 puer.

53 3251 110 3310 296
124 3247 187 3310 Nec
200 3247 254 3311 libi
268 3250 332 3312 lide
344 3253 442 3328 magis
457 3252 579 3313 misceri
592 3252 705 3328 pocula
719 3249 848 3327 possint,

164 3333 260 3406 Quam
276 3334 327 3411 qui
340 3337 502 3412 cornigero
518 3338 558 3397 de
571 3337 645 3398 love
658 3340 748 3396 natus
762 3338 837 3394 orat.

123 3415 209 3478 More
224 3416 274 3478 vel
284 3418 417 3481 intereas
432 3421 514 3498 cepti
528 3435 701 3496 suspensus
716 3415 841 3491 Achaei,
