2318 3960
473 232 503 274 v.
522 212 699 278 loo-526.

195 368 336 431 Proditus
352 368 488 428 inclusae
505 368 603 429 Cacus
618 367 655 427 ab
672 384 726 429 ore
740 366 844 429 bovis:

51 467 53 471 ·
156 454 252 527 Quam
266 451 319 527 qui
334 451 417 512 dona
429 451 496 512 tulit
508 452 626 512 Nesseo
641 451 735 512 tincta
746 467 878 525 veneno,

92 545 145 601 ibo
199 536 419 611 Euboicasque
433 551 491 596 suo
507 536 657 611 sanguine
668 536 757 597 tinxit
771 552 879 611 aquas.

155 621 213 681 Vel
229 621 269 681 de
283 619 444 695 praecipiti
456 618 565 679 venias
581 619 612 678 in
625 621 750 680 Tartara
765 635 853 693 saxo,

195 705 235 766 Ut
249 704 303 780 qui
318 702 506 764 Socraticum
522 702 561 763 de
574 718 650 763 nece
664 703 737 778 legit
750 719 846 778 opus:

158 790 199 850 Ut
214 788 265 864 qui
279 787 417 847 Theseae
432 786 553 846 iallacia
567 789 637 846 vela
651 787 773 847 carinae

196 871 289 932 Vidit
322 877 356 931 ut
368 870 461 930 Iliaca
474 870 589 930 missus
604 869 642 930 ab
658 886 730 931 arce
743 888 836 948 puer:

90 959 142 1022 495
156 957 196 1017 Ut
211 954 307 1015 teneri
322 953 439 1027 nutrix,
455 954 564 1013 eadem
578 959 754 1028 matertera,
770 954 884 1015 Bacchi

195 1041 236 1100 Ut
250 1037 299 1099 cui
314 1053 410 1098 causa
422 1037 508 1097 necis
524 1053 611 1098 serra
621 1045 743 1112 reperta
757 1039 828 1098 fuit:

155 1123 265 1183 Invida
279 1137 315 1182 se
329 1121 468 1197 scopulis
483 1128 518 1180 ut
530 1120 616 1196 virgo
633 1122 715 1181 misit
728 1121 766 1182 ab
781 1121 860 1195 altis,

197 1207 324 1268 Dixerat
336 1204 431 1265 invito
448 1220 527 1280 quae
541 1207 621 1264 mala
636 1204 731 1264 verba
745 1206 816 1266 deo.

156 1292 230 1351 Feta
244 1289 297 1349 tibi
313 1295 455 1350 occurrat
467 1287 566 1364 patrio
582 1288 743 1363 popularis
758 1289 790 1348 in
804 1304 890 1363 arvo,

91 1381 147 1434 500
200 1373 308 1448 Sitque
320 1371 508 1432 Phalaeceae
523 1387 619 1432 causa
633 1372 740 1432 leaena
753 1373 850 1432 necis.

156 1457 276 1532 Quique
290 1455 486 1532 Lycurgiden
501 1455 620 1530 letavit,
636 1463 666 1515 et
680 1456 790 1516 arbore
803 1461 918 1530 natum,

196 1541 387 1615 Idmonaque
401 1539 565 1613 audacem,
581 1545 611 1599 te
627 1555 752 1616 quoque
765 1546 887 1615 rumpat
901 1553 986 1615 aper.

154 1625 248 1700 Isque
262 1624 312 1683 vel
328 1623 478 1683 exanimis
493 1623 586 1682 iaciat
598 1622 652 1685 tibi
665 1625 791 1699 vulnus,
806 1629 839 1682 ut
853 1622 904 1698 illi,

199 1706 259 1768 Ora
272 1722 366 1784 super
379 1707 434 1766 fixi
450 1723 541 1782 quem
556 1706 696 1767 cecidere
710 1707 785 1768 suis.

91 1805 144 1859 sos
159 1789 232 1851 Sive
247 1791 344 1865 idom,
359 1789 451 1851 simili
464 1790 555 1865 pinus
571 1807 662 1866 quem
675 1798 773 1852 morte
788 1791 925 1867 peremit,

199 1873 305 1952 Phryx
319 1882 350 1934 et
362 1881 492 1934 venator
502 1874 546 1934 sis
561 1874 812 1952 Berecyntiades.

156 1956 188 2017 Si
203 1964 255 2017 tua
270 1957 429 2032 contigerit
442 1956 563 2018 Minoas
578 1957 693 2033 puppis
708 1974 828 2031 arenas,

196 2040 238 2100 Te
253 2040 457 2119 Corcyraeum
473 2040 596 2101 Cressia
608 2041 698 2101 turba
712 2047 807 2117 putet.

154 2125 386 2200 Lapsuramque
402 2125 526 2186 domurn
540 2123 669 2198 subeas,
684 2132 718 2186 ut
731 2124 858 2200 sanguis
872 2123 998 2198 Aleuae,

89 2218 144 2270 510
200 2207 295 2267 Stella
307 2207 520 2284 Leoprepidae
536 2222 604 2268 cum
618 2209 673 2269 fuit
687 2223 787 2283 aequa
800 2208 878 2268 viro.

152 2292 255 2365 thue
269 2292 318 2351 vel
332 2291 472 2365 Euenus,
487 2291 612 2353 torrenti
626 2291 752 2352 flumine
765 2308 885 2352 mersus

195 2374 324 2434 Nomina
339 2377 395 2436 des
409 2375 546 2451 rapidae,
561 2377 611 2435 vel
623 2375 791 2450 Tiberinus,
807 2391 918 2451 aquae.

152 2457 383 2533 Astacidaeque
396 2459 489 2519 modo
506 2458 612 2518 decisa
626 2459 779 2520 cadavere
792 2467 909 2533 trunco,

197 2542 298 2618 Digna
312 2543 398 2617 ieris,
413 2541 545 2601 bominis
561 2542 602 2602 sit
616 2550 709 2618 caput
723 2559 797 2604 esca
810 2552 903 2617 tuum,

86 2629 140 2682 515
156 2624 307 2701 Quodque
322 2627 423 2685 lerunt
434 2624 567 2685 Brotean
582 2626 696 2686 iecisse
712 2627 855 2702 cupidine
869 2627 984 2702 mortis,
1043 2655 1076 2670 -ν

195 2709 257 2768 Des
271 2716 324 2769 tua
338 2722 508 2770 succensae
522 2708 658 2768 membra
673 2710 837 2770 cremanda
851 2726 958 2788 pyrae.

151 2791 356 2867 Inclususque
370 2807 477 2851 necem
492 2807 589 2852 cavea
603 2792 746 2868 patiaris,
760 2799 793 2852 ut
804 2792 854 2852 ille

193 2875 260 2934 Non
275 2878 469 2951 proiecturae
484 2875 624 2936 conditor
638 2876 792 2937 historiae.

151 2957 255 3033 thue
269 2960 418 3035 repertori
433 2960 537 3020 nocuit
552 2959 701 3036 pugnacis
717 2959 818 3033 iambi,

84 3049 138 3102 520
196 3041 248 3103 Sic
262 3043 302 3103 sit
315 3044 345 3103 in
361 3044 484 3103 exitium
498 3043 604 3119 lingua
616 3050 761 3119 proterva
774 3050 867 3103 tuum.

152 3126 254 3201 thue
269 3143 377 3203 parum
392 3126 493 3187 stabili
509 3128 560 3205 qui
577 3126 710 3186 carmine
725 3126 814 3187 laesit
827 3125 974 3201 Athenas,

192 3210 314 3271 Invisus
328 3227 438 3286 pereas
454 3211 614 3271 deficiente
629 3209 707 3272 cibo.

148 3294 251 3369 thue
265 3294 351 3372 lyrae
367 3300 453 3355 vates
468 3295 562 3356 fertur
575 3294 707 3369 periisse
721 3309 859 3369 severae,

194 3378 293 3438 causa
308 3378 347 3439 sit
361 3377 443 3439 exitii
459 3380 585 3439 dextera
600 3378 685 3439 laesa
700 3379 752 3438 tui.

84 3467 137 3520 bat
152 3460 255 3536 thue
268 3461 511 3537 Agamemnonio
527 3464 637 3522 vulnus
653 3461 738 3524 dedit
752 3463 861 3541 anguis
877 3462 1013 3536 Orestae,

192 3543 237 3605 Tu
252 3561 376 3622 quoque
388 3546 427 3607 de
442 3560 547 3607 morsu
560 3545 644 3606 virus
659 3545 791 3610 habente
806 3547 911 3608 cadas.
930 3575 933 3578 ⁴
