2318 3960
98 106 138 173 ll
488 106 716 168 salsarum

132 272 166 329 lo
220 261 276 322 Est
290 259 375 336 data,
396 275 475 335 quae
493 267 614 335 tempus
633 275 689 334 per
705 258 800 318 breve
815 261 912 333 nupta
925 256 995 321 luit.

180 346 226 407 llli
240 341 399 418 successit,
415 343 556 420 quamvis
571 342 638 403 sine
657 341 782 403 crimine
797 341 942 415 coniunx,

221 430 289 489 Non
303 435 404 488 mmen
420 427 451 487 in
466 433 572 489 nostro
587 427 675 486 firma
689 427 788 486 lutura
802 429 881 484 toro.

180 513 305 588 Ultima,
325 525 405 588 quae
419 526 539 572 mecum
555 525 644 570 seros
663 507 829 585 permansit
841 506 873 567 in
890 522 1007 585 annos,

60 593 63 599 ’
223 594 371 657 Sustinuit
391 594 525 655 coniunx
543 594 642 655 exulis
662 609 733 653 esse
750 591 818 651 viri.

83 731 84 735 ,
132 696 165 752 75
180 679 256 741 Filia
270 695 319 739 me
338 693 407 738 mea
420 677 469 738 bis
489 676 586 753 prima
602 677 734 738 fecunda
748 676 882 751 iuventa,
999 710 1002 715 -

223 762 286 824 Sed
305 778 365 821 non
381 777 421 823 ex
436 777 498 822 uno
518 761 663 835 coniuge,
680 760 751 820 lecit
766 774 865 822 avum.

180 848 218 909 Et
236 847 296 906 iam
313 846 480 921 complerat
497 844 617 920 genitor
635 859 692 905 sua
711 844 788 916 iata,
809 856 988 919 novemque

220 929 392 990 Addiderat
406 929 510 990 lustris
525 929 620 989 altera
634 929 730 988 lustra
744 941 866 987 novem.

179 1015 246 1076 Non
266 1013 352 1074 aliter
366 1012 454 1087 flevi,
471 1029 560 1088 quam
574 1027 623 1071 me
638 1011 765 1073 aeturus
782 1011 959 1087 ademptum

130 1110 164 1164 so
220 1099 274 1158 lllc
290 1097 352 1157 luit.
385 1097 474 1158 Matri
488 1097 628 1173 proxima
642 1095 723 1157 iusta
740 1093 805 1158 tuli.

180 1181 298 1243 Felices
314 1180 404 1240 ambo
422 1180 667 1257 tempestiveque
681 1178 803 1256 sepulti,

220 1267 301 1325 Ante
315 1264 396 1325 diem
411 1281 531 1340 poenae
548 1264 633 1340 quod
649 1263 769 1339 periere
787 1266 889 1321 meaet

180 1349 229 1409 Me
249 1363 373 1424 quoque
392 1349 526 1422 felicem,
546 1347 629 1422 quod
648 1363 711 1407 non
726 1342 901 1407 viventibus
917 1344 981 1407 illis

224 1431 297 1493 Sum
314 1432 422 1502 miser,
441 1432 526 1492 etde
543 1447 592 1491 me
610 1431 694 1505 quod
713 1430 840 1491 doluere
853 1426 940 1493 nihil

132 1520 166 1575 85
181 1515 213 1576 Si
232 1523 333 1575 mmen
353 1515 494 1575 extinctis
511 1514 626 1590 aliquid
644 1515 704 1576 nisi
721 1514 844 1574 nomina
856 1518 963 1587 restat,

222 1599 259 1658 Et
275 1597 399 1672 gracilis
413 1605 548 1660 structos
566 1596 672 1673 effugit
688 1598 796 1660 umbra
811 1610 923 1671 rugosa

179 1682 287 1755 Fama,
307 1682 495 1756 parentales,
514 1683 613 1744 sivos
631 1697 700 1742 mea
717 1681 855 1756 contigit,
873 1679 1006 1743 umbrae

219 1766 258 1826 Et
272 1771 343 1827 sunt
358 1765 389 1824 in
404 1766 513 1844 Stygio
532 1766 658 1826 crimina
674 1773 781 1827 nostra
797 1766 874 1840 loro,

181 1848 278 1922 Scite,
294 1865 418 1925 precor,
434 1866 590 1912 causam...
603 1866 660 1911 nec
673 1866 732 1911 vos
748 1849 820 1909 mibi
835 1848 942 1909 iallere
955 1848 1007 1912 ias
1028 1858 1104 1913 est..

130 1940 165 1995 90
218 1933 360 1993 Errorem
377 1933 494 2010 iussae,
511 1951 572 1995 non
590 1935 710 2006 scelus,
725 1949 798 1995 esse
813 1934 914 2008 fugae.

180 2015 321 2078 Manibus
336 2016 397 2077 hoc
412 2017 487 2078 satis
502 2026 559 2079 est.
596 2017 636 2078 ad
653 2034 726 2093 vos,
746 2016 902 2091 studiosa,
920 2024 1069 2096 revertor,

219 2100 362 2174 Pectora,
384 2102 436 2176 qui
457 2102 536 2161 vitae
553 2103 699 2178 quaeritis
718 2108 787 2163 acta
804 2115 909 2184 meae..

180 2184 244 2242 lam
258 2182 331 2243 mihi
345 2185 471 2245 canities
488 2185 587 2259 pulsis
602 2184 781 2247 melioribus
800 2183 889 2246 annis

221 2266 371 2342 Venerat,
390 2269 532 2343 antiquas
550 2269 778 2344 miscueratque
797 2283 912 2344 comas,

131 2352 164 2405 95
178 2348 314 2424 Postque
330 2367 418 2412 meos
435 2359 520 2413 ortus
536 2352 646 2414 Pisaea
660 2353 782 2415 vinetus
800 2352 883 2413 oliva

218 2427 395 2495 Abstulerat
413 2435 517 2497 decies
532 2437 669 2513 praemia
687 2437 786 2498 vietor
800 2451 907 2511 equus,

179 2515 251 2577 Cum
269 2518 361 2578 maris
376 2519 486 2580 Euxini
503 2521 624 2596 positos
643 2521 683 2582 ad
698 2523 786 2581 laeva
799 2519 934 2582 Tomitas
1006 2557 1008 2561 -

219 2598 370 2674 Quaerere
384 2620 433 2665 me
448 2605 525 2665 laesi
539 2604 686 2681 principis
702 2605 748 2665 ira
761 2603 853 2665 iubet.

179 2682 277 2744 Causa
293 2701 380 2747 meae
395 2689 511 2749 cunctis
527 2689 651 2750 nimium
668 2704 793 2765 quoque
811 2692 885 2751 nota
899 2685 1010 2749 ruinae

116 2771 167 2826 100
217 2768 333 2830 Indicio
348 2786 409 2830 non
425 2779 472 2832 est
485 2772 679 2833 testificanda
694 2787 774 2833 meo.

179 2848 257 2924 Quid
268 2853 398 2913 reieram
410 2854 614 2932 comitumque
628 2857 717 2917 nelas
732 2857 927 2931 famulosque
936 2859 1106 2917 nocentes!

219 2935 292 3010 Ipsa
306 2937 399 2995 multa
412 2937 466 2998 tuli
481 2953 542 2998 non
558 2940 674 3000 leviora
690 2941 772 3015 iuga.

177 3016 336 3093 Indignata
350 3020 438 3080 malis
455 3037 541 3082 mens
561 3030 608 3084 est
621 3023 835 3096 succumbere,
851 3037 948 3099 seque

218 3099 370 3163 Praestitit
383 3103 526 3166 invictam
540 3106 656 3167 viribus
670 3123 729 3169 usa
746 3107 822 3168 suis.
912 3120 915 3127 ·

117 3189 164 3243 los
178 3181 357 3261 Oblitusque
371 3188 430 3249 mei
445 3189 618 3266 ductaeque
633 3206 689 3267 per
703 3191 766 3252 otia
779 3189 871 3263 vitae,

217 3266 343 3329 insolita
361 3272 429 3348 cepi
443 3274 591 3349 temporis
610 3289 695 3334 arma
708 3291 811 3335 manu.

176 3351 293 3429 Totque
306 3353 360 3415 tuli
379 3371 471 3416 casus
492 3357 666 3434 pelagoque
681 3365 838 3432 terraque,
856 3360 931 3433 quot
947 3354 1029 3418 mter
1116 3367 1136 3405 -·
