2318 3960
452 211 496 287 V,
518 207 694 276 loa-174.
1026 211 1089 276 299

158 362 268 422 Servat
282 369 408 437 uterque
420 363 554 424 domum.
580 362 704 424 domino
717 378 839 441 quoque
849 361 931 426 fidus
944 371 1071 441 uterque

87 457 141 508 tto
197 445 334 523 Compita
346 452 433 520 grata
447 446 517 518 deo,
540 446 672 522 compita
685 456 771 523 grata
785 447 864 508 cani.

157 529 316 606 Exagitant
329 535 359 588 et
373 531 431 590 Lar
445 538 475 592 et
489 530 579 593 turba
591 530 699 594 Diania
713 533 811 593 lures=

195 613 439 687 pervigilantque
452 613 563 680 Lares,
586 615 829 690 pervigilantque
843 629 947 679 osnes.

155 698 232 758 Bina
246 697 442 771 gemellorum
457 699 642 771 quaerebam
656 698 745 774 signa
759 700 894 772 deorum,

197 780 322 841 Viribus
336 794 474 841 annosae
488 780 569 842 laeta
583 781 701 842 caduca
714 797 833 844 mor-aee

90 874 142 929 145
156 865 240 925 lllille
252 865 346 926 Lares
361 863 550 938 Geniumque
565 863 670 939 ducis,
692 864 744 939 qui
760 865 885 929 tradidit
897 865 976 938 illos,

198 949 279 1009 Urbs
293 947 398 1022 habet,
417 954 448 1008 et
460 947 520 1009 vici
534 947 658 1010 numina
672 949 749 1010 trina
763 949 874 1011 colunt.

159 1033 224 1108 Quo
241 1033 342 1092 lerorl
362 1033 521 1106 Augustus
535 1033 652 1102 mensis
668 1032 742 1094 mihi
757 1032 898 1097 carminis
913 1032 1004 1094 huius

199 1119 249 1177 lus
263 1115 364 1177 habet.
391 1117 511 1177 interea
523 1114 602 1195 Diva
618 1117 756 1183 canenda
769 1116 858 1181 aare
870 1122 928 1179 est.

157 1201 212 1261 Est
225 1201 322 1261 moles
337 1200 439 1262 nativa
453 1201 532 1260 loco.
561 1215 613 1262 res
628 1201 751 1262 nombre
765 1201 851 1265 sedite

89 1295 144 1348 150
197 1285 364 1360 Appellant
377 1283 502 1346 Saxum.
532 1299 605 1358 pars
618 1282 702 1345 boue
714 1285 826 1351 mortis
841 1299 878 1346 ea
891 1291 949 1347 est.

158 1369 236 1434 Huio
248 1368 362 1429 Remus
378 1367 526 1429 institerat
540 1368 660 1442 trustra,
676 1384 738 1442 quo
752 1375 890 1445 tempore
905 1366 989 1429 tratri

198 1452 299 1513 Prima
311 1445 464 1512 Palatinae
479 1452 567 1526 sigua
581 1452 710 1516 dedistis
724 1468 809 1517 aves,

157 1536 283 1611 Templa
295 1535 399 1597 Patres
412 1535 474 1596 illic
489 1537 596 1597 oculos
611 1551 710 1599 exosa
723 1537 825 1602 viriles

198 1619 319 1680 Leniter
332 1618 439 1680 aeehni
454 1618 638 1682 constituere
651 1619 734 1696 iugo.

87 1709 141 1768 155
156 1703 284 1765 Dedicat
298 1703 374 1764 haec
387 1704 501 1765 veteris
517 1704 696 1767 clausorum
711 1701 842 1767 nominis
856 1701 957 1777 heres,

201 1788 347 1863 Virginea
363 1788 477 1852 nullum
492 1803 622 1863 corpore
636 1803 732 1863 passa
745 1787 854 1848 virum.

161 1872 246 1931 Livia
258 1871 401 1944 restituit,
418 1885 457 1932 ne
470 1886 531 1934 non
546 1871 662 1932 imitata
675 1869 815 1934 maritum

201 1956 292 2016 ltsset
305 1961 335 2017 et
349 1970 388 2017 ex
402 1954 484 2015 omni
500 1963 586 2030 parte
600 1959 707 2018 moute
720 1953 829 2020 virum.

463 2088 494 2150 2.
517 2087 697 2167 [BFtvur]

159 2207 287 2269 Postera
301 2222 369 2269 cum
381 2222 503 2269 roseam
518 2206 616 2283 pulsis
629 2205 816 2284 Hyperionis
832 2205 922 2274 astris

91 2300 146 2355 160
200 2291 233 2349 In
247 2291 399 2352 matutinis
414 2292 557 2367 lampada
570 2291 647 2352 tollit
661 2291 759 2365 aquis,

159 2373 299 2449 Frigidus
314 2384 451 2450 argestes
467 2391 601 2437 summas
616 2373 760 2436 mulcebit
773 2373 893 2445 aristes,

203 2458 401 2534 Candidaque
416 2476 435 2518 a
450 2458 584 2521 calabris
600 2459 669 2519 vela
683 2457 836 2520 dabuntur
850 2454 950 2530 aquis.

158 2541 200 2602 At
212 2542 301 2604 simul
317 2543 460 2604 inducent
474 2543 606 2606 obseura
620 2542 803 2617 crepuscula
817 2545 946 2614 noctem,

199 2625 274 2686 Pars
289 2627 431 2704 Hyadum
444 2633 508 2688 toto
528 2628 567 2687 de
581 2641 675 2702 grege
688 2627 772 2687 nulla
785 2625 867 2685 latet.

92 2719 143 2774 165
159 2708 219 2769 Ora
233 2711 344 2770 micant
357 2711 445 2770 Tauri
460 2717 577 2786 septem
591 2709 740 2772 radiantia
754 2706 894 2781 flammis,

200 2793 308 2852 Navita
322 2809 398 2868 quas
412 2793 540 2871 Hyadas
556 2793 665 2854 Graius
679 2793 717 2853 ab
732 2790 829 2853 imbre
843 2797 942 2853 vocat.

157 2877 232 2937 Pars
245 2876 401 2938 Bacchum
416 2877 549 2939 nutrisse
565 2884 658 2951 putat.
687 2893 760 2952 pars
775 2875 905 2939 credidit
920 2889 991 2936 esse

198 2959 333 3035 Tethyos
349 2961 406 3022 has
420 2968 529 3036 neptes
544 2959 720 3035 Oceanique
735 2961 829 3022 senis.

158 3043 300 3104 Nondum
315 3041 414 3105 stabat
427 3046 513 3106 Atlas
530 3044 676 3105 humeros
691 3053 834 3106 oneratus
848 3044 984 3119 olympo,

95 3134 145 3190 170
201 3127 276 3188 Cum
291 3134 376 3189 sutus
392 3135 439 3188 est
454 3129 550 3189 torma
566 3127 804 3203 conspiciendus
817 3128 915 3203 Hyas.

157 3211 246 3271 Hunc
260 3212 354 3287 stirps
371 3210 483 3272 Oceani
498 3211 624 3273 maturis
640 3210 762 3273 nixibus
776 3211 893 3272 Aethra

198 3294 315 3368 Edidit,
337 3302 368 3356 et
381 3295 545 3373 nymphas.
573 3295 631 3356 sed
644 3293 731 3370 ,prior
745 3300 829 3355 ortus
843 3294 940 3371 Hyas.

74 3440 83 3451 Α,
157 3378 235 3437 Dum
249 3394 332 3440 nova
345 3378 458 3453 lanugo
474 3385 534 3453 est,
558 3378 692 3454 pavidos
707 3377 869 3438 tormidine
884 3391 995 3438 cervos

66 3466 67 3469 ’
196 3462 313 3538 Terret,
329 3469 358 3524 et
372 3469 420 3524 est
435 3462 477 3522 illl
492 3461 755 3539 praedabeuigna
769 3460 868 3536 lepus.
