2318 3960
385 216 435 292 ΙΙΙ,
457 217 486 292 2,
509 216 622 294 82-3,
644 218 696 281 44.

115 369 239 433 Publica
252 385 300 428 me
314 369 437 444 requies
454 386 594 431 curarum
609 387 736 434 somnus
751 372 893 450 habebat

155 454 300 529 Fusaque
315 458 402 512 erant
415 458 478 513 toto
493 454 638 529 languida
651 457 788 517 membra
801 464 885 520 toro:

116 539 190 599 Cum
205 535 305 597 subito
321 532 423 612 pi'nnis
441 537 570 612 agitatus
585 538 734 601 inhorruit
748 557 809 616 aer,

69 633 105 686 10
157 622 196 683 Et
209 621 322 696 gemuit
334 636 433 695 parvo
447 628 530 682 mota
543 623 678 683 fenestra
692 640 781 684 sono.
876 636 879 642 ·

114 706 248 766 Territus
262 704 293 764 in
307 703 440 788 cubitum
452 705 557 765 relevo
573 722 642 767 mea
655 708 791 768 membra
806 707 969 783 sinistrum,

155 790 265 850 Pulsus
282 794 313 848 et
329 803 347 847 e
362 788 481 864 trepido
497 795 622 865 pectore
637 807 764 852 somnus
779 792 851 852 abit.

96 934 99 939 ,
116 872 222 934 Stabat
234 874 339 946 Amor,
361 874 447 933 vultu
461 889 523 933 non
538 889 599 948 quo
615 875 700 950 prius
716 891 788 937 esse
802 877 930 950 solebat,

154 956 263 1016 Fulcra
276 963 384 1017 tenens
400 956 489 1016 laeva
502 957 598 1018 tristis
617 974 728 1019 acerna
742 975 842 1034 manu,

63 1041 98 1095 15
112 1041 176 1100 Nec
190 1047 330 1114 torquem
345 1039 435 1114 collo,
458 1055 515 1101 nec
529 1041 648 1102 habens
665 1043 779 1104 crinale
795 1044 924 1119 capillis,

155 1125 218 1184 Nec
233 1123 313 1185 bene
328 1123 496 1198 dispositas
512 1132 662 1201 comptus,
684 1134 718 1187 nt
733 1133 811 1202 ante,
835 1143 949 1188 comas.

113 1208 245 1269 Horrida
257 1207 434 1284 pendebant
446 1209 555 1269 molles
571 1225 665 1285 super
681 1227 736 1271 ora
751 1212 862 1286 capilli,

153 1293 191 1352 Et
204 1292 273 1352 visa
287 1298 335 1352 est
349 1292 445 1353 oculis
461 1292 587 1353 horrida
604 1294 698 1369 pinna
712 1295 804 1354 meis:

114 1376 217 1451 Qualis
232 1375 263 1435 in
278 1375 380 1437 aeriae
393 1382 479 1452 tergo
495 1378 575 1437 solet
589 1393 661 1438 csse
676 1378 846 1453 columbae,

60 1464 98 1516 20
152 1461 345 1522 l'ractantum
359 1462 470 1520 miritae
488 1477 580 1536 quam
593 1462 720 1536 tetigere
734 1478 862 1523 manus*

112 1545 200 1606 Hunc
215 1543 304 1604 simul
319 1544 462 1619 agnovi..
484 1560 586 1621 neque
601 1546 682 1605 enim
696 1546 769 1606 mihi
783 1545 884 1607 notior
898 1545 1004 1606 alter...

153 1627 278 1692 Talibus
293 1627 397 1688 adlata
412 1636 461 1689 est
473 1628 569 1688 libera
584 1630 686 1704 lingua
700 1629 802 1691 sonis:

112 1710 149 1772 ‘0
165 1728 250 1788 puer,
275 1710 358 1770 exilii
373 1711 504 1787 decepto
519 1728 615 1773 causa
629 1714 785 1789 magistro,

154 1794 248 1869 Quem
263 1795 320 1855 luit
334 1795 437 1855 utilius
452 1811 514 1855 uon
529 1796 675 1856 docuisse
690 1797 777 1856 mihi!

60 1881 95 1933 ta
111 1881 177 1939 Huc
193 1894 317 1955 quoque
330 1878 452 1952 venisti,
475 1894 538 1954 pax
552 1887 599 1940 est
613 1880 666 1940 ubi
680 1887 819 1956 tempore
833 1881 926 1955 nullo,

153 1963 192 2022 Et
206 1963 268 2023 coit
282 1962 413 2024 astrictis
428 1962 579 2024 barbarus
595 1964 698 2023 Hister
713 1964 823 2039 aquisa

113 2047 197 2121 Quae
208 2047 260 2106 tihi
272 2062 367 2106 causa
378 2047 468 2107 viaet
488 2046 547 2106 nisi
561 2054 596 2108 ut
608 2048 686 2108 haec
697 2050 777 2107 mala
788 2053 894 2108 nostra
904 2044 1048 2108 videresr

154 2130 238 2205 Quae
252 2136 331 2204 sunt
352 2130 379 2196 si
393 2130 505 2204 nescis,
528 2131 681 2192 invidiosa
694 2131 758 2190 tibi.

111 2215 157 2276 Tu
170 2214 242 2274 mihi
257 2214 377 2274 dictasti
391 2213 544 2274 iuvenalia
559 2216 693 2276 carmina
707 2215 838 2291 primus:

60 2298 97 2351 30
153 2298 295 2374 Apposui
310 2297 394 2358 senis
410 2303 440 2357 te
455 2298 534 2358 duce
549 2300 683 2375 quinque
697 2300 805 2376 pedes.

112 2383 174 2443 Nec
188 2397 237 2442 me
252 2381 393 2444 Maeonio
409 2396 597 2457 consurgere
613 2384 755 2458 carmine,
776 2399 834 2443 nec
848 2397 897 2441 me

151 2466 261 2528 Dicere
275 2481 453 2541 magnorum
467 2482 583 2541 passus
598 2483 632 2527 es
649 2475 717 2529 acta
735 2468 856 2529 ducum.

111 2549 252 2612 Forsitan
267 2551 406 2625 exiguas,
428 2549 549 2624 aliquas
563 2557 673 2625 tamen,
697 2567 788 2612 arcus
803 2557 833 2611 et
846 2549 926 2625 ignis

153 2634 269 2709 Ingenii
284 2634 365 2695 vires
381 2635 586 2695 comminuere
602 2636 670 2694 mei.

60 2720 96 2776 35
111 2717 250 2794 Namque
265 2733 322 2794 ego
338 2719 410 2779 dum
426 2724 514 2778 canto
530 2724 582 2778 tua
597 2734 693 2793 regna
709 2726 841 2793 tuaeque
856 2716 1001 2792 parentis,

151 2803 186 2862 In
203 2802 317 2862 nullum
332 2818 402 2862 mea
416 2817 502 2862 mens
518 2803 633 2877 grande
647 2802 769 2862 vacavit
784 2816 875 2875 opus.

110 2885 173 2947 Nec
187 2886 262 2947 satis
277 2887 309 2947 id
324 2888 430 2947 iuerat.
461 2887 553 2947 stulto
569 2903 694 2963 quoque
710 2884 843 2946 carmine
862 2884 930 2960 ieci,

151 2970 276 3031 Artibus
291 2977 325 3032 ut
339 2986 452 3047 posses
466 2986 528 3031 non
542 2971 627 3030 rudis
642 2986 714 3031 esse
728 2969 814 3029 meis.

109 3052 169 3114 Pro
185 3054 296 3130 quibus
311 3055 434 3116 exilium
448 3056 561 3116 misero
576 3054 649 3116 mihi
665 3053 786 3114 reddita
798 3065 926 3124 merces,

57 3147 94 3201 40
150 3139 185 3198 ld
201 3155 325 3214 quoque
341 3140 372 3199 in
386 3139 530 3200 extremis
547 3144 577 3198 et
592 3139 659 3199 sine
674 3153 752 3213 pace
767 3135 855 3196 locis.

108 3222 151 3286 At
166 3238 229 3284 non
242 3222 399 3284 Edonidas
412 3223 581 3299 Eumolpus
596 3223 627 3282 in
643 3221 764 3297 Orphea
777 3219 857 3293 talis,

149 3307 183 3366 ln
197 3306 320 3385 Phryga
336 3322 394 3367 nec
410 3306 554 3387 Satyrum
568 3307 638 3367 talis
654 3304 804 3385 Olympus
820 3308 893 3363 erat.

108 3390 247 3451 Praemia
261 3406 319 3452 nec
333 3390 444 3451 chiron
459 3391 498 3452 ab
515 3391 625 3452 Achilli
639 3390 711 3450 talia
727 3387 823 3464 capita

148 3474 404 3554 Pythagoraeque
419 3476 518 3540 ierunt
532 3492 594 3537 non
608 3474 753 3536 nocuisse
766 3473 905 3593 Numam.
1006 3506 1007 3509 =
1030 3471 1038 3535 ‘2

789 3568 820 3620 ll
