2318 3960
98 258 161 322 292
470 254 729 318 FASTORUM

181 412 271 486 Quod
283 412 399 471 Remus
415 408 561 484 ignorans
576 406 707 468 humiles
723 416 919 469 contemnere
934 426 1043 472 muros

224 496 345 571 coepit,
362 501 392 553 et
406 492 474 551 ‘His
489 492 636 567 populus’
655 491 758 552 dicere
773 496 868 553 ‘tutus
883 494 976 554 eritt’

179 579 241 639 Nee
257 594 358 651 mora,
373 575 533 637 transiluit.
562 582 645 635 rutro
662 575 749 635 Celer
763 583 896 652 occupat
909 593 1031 640 nusum.

222 663 277 722 Ille
293 661 405 736 premit
419 659 527 721 duram
543 659 796 734 sanguinulentus
812 659 948 722 humum.

104 752 168 808 ‘845
183 747 267 807 Haec
281 745 335 806 ubi
348 760 405 804 rex
422 742 542 818 didicit,
559 743 700 803 lacrimas
715 745 867 805 introrsus
884 746 1012 806 obortas

222 831 372 902 Devorat,
388 834 418 887 et
432 829 571 888 clausum
585 834 711 902 pectore
726 828 838 889 volnus
852 828 956 891 habet.

180 912 267 973 Flere
282 913 384 989 palam
399 928 461 971 nou
475 911 553 984 volt,
571 912 775 987 exemplaque
789 913 880 972 sortia
896 920 1009 987 servat,

224 996 364 1073 ‘Sic’que
380 1002 479 1056 ‘meos
494 1010 600 1056 muros
614 998 751 1058 transeat
761 995 874 1057 hostis’
891 997 942 1058 ait.

179 1081 237 1142 Dat
251 1089 352 1142 tamen
367 1080 525 1157 exequias.
553 1095 611 1140 nec
630 1080 690 1141 iam
705 1081 898 1157 suspendere
912 1081 1019 1144 fletum

116 1168 169 1222 850
225 1165 375 1238 Sustinet,
392 1171 423 1225 et
435 1164 535 1240 pietas
548 1164 738 1225 dissimulata
751 1173 844 1240 patet.

182 1249 356 1326 Osculaque
371 1249 519 1324 adplicuit
533 1249 637 1324 posito
654 1264 800 1324 suprema
816 1251 939 1318 leretro,
967 1264 971 1270 ’

223 1337 325 1409 Atque
340 1334 396 1407 nit,
418 1333 529 1392 ‘Invito
546 1333 639 1393 irater
654 1333 813 1409 adempte,
831 1334 932 1392 vale·’

180 1420 380 1492 Arsurosque
397 1424 481 1478 artus
497 1418 592 1477 unxit.
617 1418 732 1492 iecere,
748 1417 906 1492 quoditie,

222 1502 387 1563 Faustulus
402 1509 432 1561 et
447 1508 581 1562 maestas
597 1502 683 1562 Acce
698 1501 800 1562 soluta
814 1517 930 1562 comas.

117 1600 168 1653 855
183 1587 257 1644 Tum
272 1587 413 1647 iuvenem
428 1584 565 1645 nondum
583 1585 654 1645 lacti
670 1585 785 1645 ilevere
801 1585 941 1660 Quirites.

222 1671 333 1729 Ultima
347 1668 467 1744 plorato
483 1667 606 1729 subdita
619 1667 743 1729 flamma
757 1683 834 1744 rogo
849 1678 907 1730 est.

179 1753 258 1814 Urbs
274 1753 397 1814 oritur...
415 1753 483 1829 quis
497 1759 568 1812 tunc
583 1753 643 1812 hoo
660 1754 713 1813 ulli
728 1753 855 1814 eredere
870 1761 1031 1829 possett...

220 1837 376 1898 Victorem
391 1836 478 1896 terris
493 1837 672 1912 impositura
687 1837 807 1912 pedem.

181 1922 294 1981 Cuncta
308 1936 414 1995 regas,
432 1928 462 1981 et
477 1921 521 1980 sis
536 1937 647 1995 magno
664 1920 721 1980 sub
738 1921 870 1981 caesare
885 1937 1024 1998 sempera

116 2013 169 2067 860
225 2004 326 2081 Saepe
340 2005 430 2065 etiam
445 2006 543 2080 pluris
558 2004 689 2064 nominis
706 2005 795 2064 huius
809 2003 905 2064 habe:

180 2089 218 2148 ut
233 2089 374 2162 quotiens
390 2090 510 2149 steteris
526 2088 641 2148 domito
657 2088 796 2148 sublimis
812 2089 843 2148 in
859 2087 943 2162 orbe,

223 2173 330 2232 Omnia
346 2173 406 2233 sint
421 2173 554 2233 humeris
570 2173 715 2232 inferiora
727 2173 798 2232 tuis.

369 2307 420 2367 22.
444 2307 516 2366 HN
559 2306 610 2368 23.
638 2311 667 2367 A
686 2306 833 2366 VIN-N)

178 2426 265 2485 Dicta
282 2425 370 2484 Pales
386 2425 486 2486 nobis.
512 2425 594 2484 idem
608 2424 730 2484 Vinalia
744 2424 855 2485 dicam.

221 2510 288 2570 Una
303 2516 404 2570 tamen
418 2509 519 2570 media
534 2516 581 2569 est
594 2508 672 2569 inter
687 2516 845 2585 utramque
862 2507 940 2568 dics.

114 2600 167 2655 865
183 2594 312 2653 Numina
326 2595 470 2668 volgares
486 2593 617 2653 Veneris
633 2591 785 2653 celebrate
801 2593 939 2668 puellae!

218 2677 314 2738 Multa
328 2678 539 2753 professarum
557 2676 734 2751 quaestibus
753 2683 826 2752 apta
837 2677 958 2737 Venus.

177 2762 298 2822 Poseite
312 2769 379 2822 ture
394 2762 465 2821 dato
481 2761 610 2822 formam
627 2761 795 2836 populique
810 2760 959 2834 favorem,

219 2846 340 2906 Poseite
355 2844 518 2905 blanditias
535 2844 688 2918 dignaque
703 2843 800 2903 verba
813 2844 894 2905 ioco.

178 2930 314 3002 Cumque
330 2946 387 2988 sua
402 2929 543 2988 dominae
559 2927 629 2986 date
643 2935 729 3001 grata
744 2926 910 3004 sisymbria
923 2934 1025 3006 myrto

113 3025 166 3079 870
221 3013 375 3088 Tectaque
392 3013 564 3088 composita
579 3012 688 3070 iuncea
705 3012 804 3071 vincla
815 3026 898 3072 rosa.
933 3044 935 3049 <

176 3098 302 3171 Templa
317 3095 502 3173 frequentari
519 3095 653 3155 Collinae
667 3095 808 3170 proxima
825 3102 934 3171 portae

219 3180 306 3240 Nunc
321 3180 418 3240 decet.
448 3199 466 3240 a
481 3177 584 3240 Siculo
600 3180 723 3239 nomina
738 3181 817 3239 colle
832 3186 945 3240 tenent.

177 3265 277 3339 thue
295 3263 468 3340 Syracusas
482 3263 685 3323 Arethusidas
701 3262 825 3327 abstulit
839 3264 932 3323 armis

221 3348 380 3423 ClaudiuS,
398 3355 429 3408 et
441 3346 522 3408 bello
538 3355 568 3407 te
583 3362 707 3423 quoque
723 3349 817 3423 cepit,
837 3342 948 3427 Eryx,
1005 3408 1010 3415 ,

114 3440 165 3495 ote
181 3431 319 3491 Carmine
333 3432 449 3492 vivacis
463 3433 571 3492 Venus
588 3438 635 3490 est
649 3432 796 3492 translata
811 3430 958 3507 Sibyllae.

219 3517 317 3589 Inque
332 3532 406 3576 sune
422 3515 525 3590 stirpis
541 3515 644 3574 maluit
658 3514 733 3575 urbe
753 3515 822 3576 coli.
