2318 3960
117 219 186 288 212
496 220 520 283 F
526 218 754 282 ASTORUM

211 374 292 434 Vina
308 372 401 434 dabat
412 373 512 432 Liber.
544 374 653 434 tulerat
668 372 727 433 sibi
743 371 877 447 quisque
896 387 1063 436 comnenus

250 458 427 518 Miscendas
443 457 527 533 large
542 457 628 517 rivus
643 456 754 532 agebat
768 471 875 532 aquas.

141 550 190 604 405
206 542 320 602 Naides
336 541 445 602 effusis
460 542 539 600 aliae
553 542 620 601 sine
635 539 764 616 pectinis
778 555 848 614 usu,

249 626 324 685 Pars
339 627 467 685 aderant
480 625 591 700 positis
605 630 670 684 arte
685 638 840 699 manuque
854 623 964 684 comis.

209 711 264 770 llla
279 725 373 785 super
388 725 478 769 suras
500 709 633 769 tunicam
649 708 778 769 collecta
798 707 958 784 ministrat,

250 795 356 854 Altera
370 793 491 853 dissuto
507 800 614 868 peetus
629 799 734 867 aperta
750 791 828 851 sinu.

209 876 313 937 Exerit
328 876 405 936 haec
419 877 593 951 humerum,
614 883 732 936 vestem
745 875 837 935 trahit
849 875 901 935 illa
917 891 975 951 per
987 875 1109 954 herbas,

140 977 192 1030 410
246 960 419 1036 Impediunt
432 968 556 1022 teneros
576 961 699 1020 vincula
713 960 795 1019 nulla
809 960 919 1034 pedes.

209 1047 286 1105 Hinc
301 1044 380 1104 aliae
394 1046 508 1121 satyris
523 1044 665 1104 incendia
678 1042 761 1104 mitia
776 1042 934 1119 praebent,

250 1129 325 1188 Pars
341 1128 409 1204 tibi,
427 1129 479 1203 qui
494 1128 569 1204 pinu
583 1135 722 1203 tempora
736 1142 817 1187 nexa
830 1127 923 1202 geris.

250 1297 393 1372 Nequitia
408 1305 470 1370 est,
496 1313 578 1373 quae
591 1304 621 1356 te
636 1313 697 1357 non
714 1295 785 1356 sinit
799 1311 873 1356 esse
885 1311 1002 1356 senem.

140 1389 191 1443 415
206 1382 247 1442 At
259 1381 367 1456 ruber,
382 1380 541 1442 hortorum
556 1382 651 1441 decus
667 1387 696 1440 et
710 1380 818 1455 tutela,
840 1379 971 1456 Priapus

251 1464 398 1524 Omnibus
414 1481 453 1524 ex
468 1465 528 1524 illis
543 1465 652 1526 Lotide
667 1472 775 1541 captus
791 1469 864 1523 erat.

208 1550 294 1609 Hanc
310 1548 407 1624 cupit,
422 1549 502 1608 hanc
517 1557 616 1624 optat,
640 1551 738 1610 solam
754 1548 889 1623 suspirat
900 1547 932 1607 in
948 1548 1041 1624 illam,

251 1631 408 1707 Signaque
422 1633 476 1692 dat
489 1639 579 1707 nutu,
601 1633 805 1708 sollicitatque
826 1633 917 1694 notis.

209 1717 318 1776 Fastus
338 1716 418 1776 inest
432 1717 584 1791 pulchris,
606 1719 806 1792 sequiturque
820 1716 967 1792 superbia
986 1716 1113 1778 formam

139 1813 192 1862 420
248 1801 373 1861 irrisum
387 1800 472 1860 voltu
488 1801 618 1876 despicit
632 1802 682 1860 illa
698 1818 765 1861 suo.

209 1885 277 1945 Nox
294 1891 373 1956 erat,
390 1891 420 1944 et
433 1885 505 1944 vino
521 1901 661 1945 somnum
676 1885 807 1945 iaciente
821 1883 962 1944 iacebant

253 1969 389 2043 Corpora
404 1969 536 2029 diversis
552 1969 633 2029 victa
647 1985 762 2045 sopore
777 1969 864 2029 loeis.

210 2052 294 2112 Lotis
310 2053 341 2111 in
356 2052 491 2114 herbosa
508 2053 565 2112 sub
580 2053 700 2112 acernis
718 2054 823 2112 ultima
843 2052 947 2129 ramis,

254 2135 339 2196 Sicut
353 2143 419 2195 erat
433 2136 503 2196 lusu
518 2137 616 2210 sessa,
640 2136 755 2211 quievit
767 2136 871 2196 humo.

139 2233 191 2286 445
207 2219 310 2293 Surgit
321 2235 443 2293 amans,
463 2220 655 2295 animamque
669 2225 777 2282 tenens
792 2218 923 2296 vestigia
937 2220 1039 2282 lurtim

252 2305 412 2377 Suspenso
429 2303 530 2377 digitis
547 2305 605 2364 lert
619 2304 768 2364 taciturna
786 2305 893 2379 gradu.

209 2387 248 2447 Ut
262 2387 359 2460 tetigit
376 2387 485 2446 niveae
500 2395 621 2447 secreta
635 2388 746 2447 cubilia
760 2389 926 2466 nymphae,
980 2454 983 2458 ,

251 2471 324 2546 Ipsa
338 2470 387 2530 sui
403 2469 495 2530 llatus
510 2487 549 2531 ne
564 2479 751 2544 senatuum,
775 2478 873 2532 cavet.

207 2553 245 2614 Et
259 2554 319 2613 iam
334 2553 460 2614 finitima
475 2571 589 2630 corpus
604 2554 734 2616 librabat
748 2556 778 2615 in
794 2557 904 2616 herbita

138 2646 192 2702 430
246 2638 301 2697 Illa
320 2644 421 2698 tamen
436 2641 521 2701 multi
537 2642 628 2715 plena
642 2641 766 2715 soporis
783 2647 855 2700 erat.

209 2723 343 2796 Gaudet,
368 2729 412 2798 et,
435 2725 601 2798 apedibus
617 2731 715 2785 tracto
730 2724 894 2798 velamine,
918 2733 993 2786 vota

249 2807 299 2866 Ad
315 2822 372 2866 sua
393 2807 474 2866 lelici
489 2816 635 2884 coeperat
649 2809 693 2868 ire
706 2809 765 2869 via.

207 2890 288 2950 Ecce
303 2891 420 2951 rudens
440 2906 534 2951 rauco
550 2891 644 2952 Sileni
659 2901 765 2954 vector
779 2894 894 2954 asellus

250 2975 486 3050 Intempestivos
507 2976 602 3036 edidit
617 2993 670 3037 ore
684 2993 790 3038 sonos.

136 3063 187 3118 435
201 3058 316 3118 Territa
332 3059 488 3134 consurgit
501 3061 652 3138 nymphe,
676 3060 879 3136 manibusque
900 3058 1043 3140 Priapum

247 3142 361 3216 Reicit,
382 3151 413 3203 et
427 3145 546 3220 lugiens
567 3146 699 3207 concitat
713 3161 802 3207 omne
816 3160 935 3206 nemus.

207 3226 247 3284 At
262 3226 356 3301 deus,
380 3227 516 3288 obscena
531 3228 654 3288 nimium
670 3247 794 3306 quoque
809 3236 895 3307 parte
909 3237 1046 3306 paratus,

249 3307 395 3371 Omnibus
410 3313 450 3373 ad
469 3314 559 3373 lunae
577 3314 691 3374 lumina
705 3314 787 3375 risus
802 3321 876 3375 erat.

206 3392 304 3452 Morte
319 3393 402 3454 dedit
415 3412 534 3471 poenas
550 3404 657 3458 auctor
671 3399 822 3459 clamoris.
848 3404 880 3459 et
898 3396 977 3460 baec
991 3405 1041 3460 ast

135 3479 188 3536 440
244 3476 492 3553 Hellespontiaco
515 3482 637 3542 victima
650 3489 737 3558 grata
751 3482 821 3543 deo.
