2318 3960
109 234 171 300 112
414 228 561 292 lBlDIS
582 246 612 292 v.
635 227 813 293 ooo-642.

128 393 179 450 605
196 387 261 461 Qua
276 403 333 446 sua
347 384 513 444 Penthiden
529 384 632 459 proles
648 388 696 442 est
713 382 777 443 ulta
789 382 973 459 Lycurgum,
1083 417 1118 429 -

233 471 317 531 Haec
331 474 453 528 maneat
466 467 517 526 teli
531 472 561 526 te
577 481 701 541 quoque
715 467 807 541 plaga
822 463 905 526 novi.

191 554 291 628 thue
304 553 376 612 Milo
395 551 489 610 robur
501 549 646 611 diducere
660 549 757 609 fissile
771 555 910 622 temptes

233 638 295 696 Nec
311 636 417 711 possis
438 639 543 708 captas
559 633 631 692 inde
646 635 761 693 reterre
774 647 893 692 munus.

190 720 431 793 Muneribusque
445 717 504 780 tuis
520 716 668 789 laedaris,
684 723 718 776 ut
735 718 855 790 learns,
870 714 901 776 in
916 729 1008 792 quem

126 813 179 867 610
234 803 335 862 Intulit
350 808 480 862 annutas
496 801 580 860 ebria
594 799 682 860 turba
697 815 814 860 manus.

191 886 341 961 Quodque
356 887 464 946 dolore
477 884 562 945 necis
582 883 700 958 patriae
714 886 767 958 pia
780 883 842 942 filia
857 882 936 957 lecit,

232 968 362 1030 Vincula
377 985 432 1044 per
451 967 552 1044 laquei
567 969 616 1027 lac
634 965 687 1026 tibi
703 974 803 1041 guttur
817 973 874 1026 eut.

192 1053 416 1127 Obstructoque
431 1054 540 1111 lamcm
556 1050 682 1126 patiaris
703 1050 804 1110 limine
820 1049 898 1125 tecti,

232 1137 271 1197 Ut
285 1138 382 1211 legem
397 1149 518 1211 poenae
533 1134 581 1194 cui
597 1133 681 1194 dedit
695 1134 764 1209 ipsa
779 1148 902 1209 parens.

126 1228 177 1283 616
192 1220 273 1280 lllius
290 1221 430 1295 exemplo
451 1219 549 1279 violes
567 1218 730 1278 simulacra
744 1217 909 1292 Minervae,

231 1305 350 1364 Aulidis
365 1320 384 1363 a
397 1309 487 1378 portu
503 1302 554 1377 qui
569 1302 638 1361 leve
655 1301 744 1362 vertit
757 1301 823 1360 iter.

189 1388 418 1462 Naupliadaeve
431 1387 524 1446 modo
540 1399 658 1460 poenas
673 1401 731 1460 pro
748 1384 873 1444 crimine
888 1386 967 1447 laiso

234 1471 331 1531 Morte
346 1472 428 1542 luas,
445 1485 503 1529 nec
517 1475 547 1528 te
561 1485 623 1528 non
643 1468 794 1530 meruisse
809 1468 900 1529 iuvet.

190 1553 341 1614 Aethalon
358 1560 392 1612 ut
407 1553 469 1612 vita
484 1552 628 1627 spoliavit
643 1553 777 1612 Isindius
791 1551 918 1627 hospes,
1081 1583 1115 1595 -·

127 1645 180 1700 620
236 1636 332 1710 Quem
351 1651 467 1695 memor
485 1653 503 1694 u
519 1637 616 1695 sacris
632 1651 853 1710 huncquoque
868 1632 955 1712 pellit
967 1635 1016 1696 ior

189 1721 290 1794 thue
303 1719 474 1779 Melanthea
488 1718 622 1778 tenebris
637 1735 657 1778 a
674 1719 769 1778 caede
783 1721 926 1780 latentem

232 1803 369 1862 Prodidit
383 1803 485 1864 olllcio
503 1802 624 1862 luminis
641 1803 710 1877 ipsa
725 1818 854 1878 parens:

189 1887 240 1947 Sic
255 1894 305 1947 tua
321 1886 467 1948 coniectis
488 1886 643 1946 lodiantur
661 1892 788 1960 pectora
803 1886 881 1958 telis,

234 1970 285 2031 Sic
300 1985 411 2045 precor
429 1971 549 2031 auxiliis
565 1970 732 2045 impediare
746 1969 816 2030 tuis.

125 2063 177 2118 625
193 2054 296 2130 Qualis
311 2069 409 2129 equos
424 2060 531 2129 pacto,
554 2069 632 2128 quos
647 2053 734 2113 tortis
749 2052 859 2128 agebat
874 2052 1020 2130 Achilleo,

232 2140 309 2198 Aeto
322 2136 434 2213 Phrygi
453 2135 573 2210 timido,
590 2151 652 2196 nox
666 2136 719 2195 tibi
734 2137 803 2196 talis
818 2143 876 2197 eat.

190 2224 252 2281 Nec
271 2228 303 2280 tu
319 2236 410 2294 quum
429 2220 550 2279 Rhesus
571 2235 680 2279 somno
695 2220 823 2280 meliore
839 2219 992 2296 quiescas,

235 2303 329 2377 Quam
350 2303 475 2362 comites
491 2303 594 2364 Rheso
610 2309 673 2364 tum
688 2303 786 2378 nocis,
804 2304 968 2377 antoniae,

193 2388 287 2460 Quam
304 2401 383 2459 quos
404 2401 471 2446 cum
491 2387 601 2446 Rutulo
617 2386 705 2446 morti
719 2387 867 2448 Ramnete
883 2387 1032 2449 dederuut
1115 2401 1118 2407 ·

129 2480 181 2535 636
235 2470 367 2544 impiger
380 2470 563 2548 Hyrtacides
578 2470 825 2548 Hyrtacidaeque
840 2486 956 2532 comes.

193 2551 411 2626 Cliniadaeque
425 2555 518 2614 modo
534 2553 738 2615 circumdatus
758 2554 878 2629 ignibus
895 2555 969 2616 atris

235 2635 372 2696 Membra
392 2638 473 2697 ieras
490 2636 617 2716 Stygiae
632 2637 844 2698 semicremata
857 2639 936 2698 neci.

191 2722 293 2796 thue
306 2721 403 2781 Remo
418 2736 521 2780 muros
539 2736 616 2780 auso
632 2721 762 2781 transire
778 2727 927 2796 recentes,

233 2805 331 2864 Noxia
346 2804 406 2863 sint
420 2803 511 2879 capiti
525 2805 640 2865 rustica
653 2805 714 2865 tela
727 2812 790 2865 tuo.

127 2897 178 2952 635
193 2888 332 2964 Denique
348 2887 533 2948 Sarmaticas
549 2888 626 2949 inter
638 2888 820 2963 Geticasque
835 2889 962 2964 sagittas

233 2973 287 3032 His
303 2986 414 3047 precor
427 2977 460 3032 ut
473 2974 561 3033 vivas
577 2979 607 3031 et
624 2973 755 3032 moriare
769 2973 855 3035 locis

194 3057 277 3114 Haec
292 3054 345 3114 tibi
359 3057 509 3132 tantisper
523 3056 623 3116 subito
639 3056 699 3116 sint
713 3056 809 3117 missa
823 3056 935 3130 libello,

236 3139 423 3199 Inmemores
439 3156 478 3199 ne
492 3157 549 3200 nos
567 3156 638 3200 csse
654 3155 785 3214 querare
803 3140 856 3202 tui.

193 3221 292 3281 Pauca
308 3223 445 3298 quidem,
461 3224 568 3284 fateor.
606 3223 663 3283 sed
679 3223 709 3284 di
725 3224 797 3284 dent
810 3224 899 3300 plura
912 3222 1036 3300 rogatis,
1118 3219 1121 3225 '

132 3314 183 3369 olo
238 3305 497 3384 Multiplicentque
512 3325 568 3368 suo
586 3313 658 3367 vota
672 3307 778 3368 lavore
791 3323 867 3370 mea.

196 3388 362 3450 Postmodo
378 3392 466 3466 plura
477 3394 577 3468 leges,
596 3399 625 3450 et
639 3407 749 3452 nomen
764 3389 908 3452 habentia
921 3403 1037 3464 verunt,
1112 3451 1118 3460 ,

239 3472 276 3534 llt
290 3473 370 3548 pede
386 3491 445 3549 quo
462 3476 573 3536 debent
587 3475 669 3534 acria
682 3473 763 3535 bella
776 3473 851 3553 geri.

529 3583 718 3596 Μ
