2318 3960
425 214 453 289 1,
477 213 513 288 a,
534 210 653 288 ms,
672 211 722 275 er.

156 366 277 427 Nesciet
290 364 338 426 his
354 381 502 425 summam
522 364 620 438 siquis
636 364 747 425 abesse
761 382 892 428 manum

114 451 258 511 Ablatum
274 448 383 509 mediis
400 463 479 524 opus
501 456 548 508 est
561 448 723 510 incudibus
743 449 826 524 illud,

71 543 103 596 30
156 534 259 595 Defuit
273 538 304 593 ez
318 532 440 607 scriptis
456 532 560 592 ultima
578 532 650 591 lima
665 532 751 592 meis.

116 617 155 677 Et
169 617 290 677 veniam
308 632 365 691 pro
383 616 475 676 laude
487 621 570 691 peto.
609 616 752 677 laudatus
767 618 899 692 abunde,

157 701 223 766 Non
239 700 393 761 fastiditus
410 701 437 760 si
451 699 520 772 tibi,
536 701 647 773 lector,
668 714 731 762 ero.

115 787 181 846 Hos
198 800 323 859 quoque
338 800 394 844 sex
413 799 536 860 versus,
557 784 587 843 in
604 783 703 859 prima
719 786 818 844 fronte
835 783 927 845 libelli

159 868 192 929 Si
206 869 445 944 praeponendos
466 883 539 928 esse
557 867 696 943 putabis,
716 867 811 927 habe:

71 960 102 1014 15
119 951 201 1012 Orba
217 959 344 1028 parente
359 968 417 1013 suo
434 952 619 1028 quicumque
638 953 796 1013 volumina
815 953 924 1028 tangis,

155 1037 209 1096 His
226 1037 333 1097 saltem
348 1044 452 1097 vestra
467 1036 556 1095 detur
570 1036 600 1094 in
616 1034 699 1096 Urbe
713 1038 815 1096 locus!

117 1120 247 1195 Quoque
261 1121 358 1195 magis
379 1123 499 1194 faveas,
517 1135 579 1179 non
594 1125 666 1180 sunt
684 1120 761 1180 haec
776 1119 858 1180 edita
875 1120 912 1180 ab
929 1121 1008 1198 ipso.

160 1203 223 1265 Sed
237 1205 327 1279 quasi
344 1206 383 1265 de
398 1203 512 1265 domini
527 1204 632 1262 funere
646 1211 735 1278 rapta
750 1204 811 1268 sui.

120 1288 272 1362 Quicquid
286 1290 318 1348 in
332 1289 380 1349 his
394 1289 483 1364 igitur
500 1286 564 1346 vitii
578 1287 655 1345 rude
671 1303 793 1347 carmen
810 1287 944 1364 habebit,

71 1381 105 1433 eo
160 1373 400 1448 EmendaturuS,
422 1373 449 1433 si
463 1370 615 1446 licuisset,
632 1385 725 1431 eram.

71 1501 100 1598 ἦ.
122 1504 158 1594 ln
178 1544 270 1612 caput
284 1538 344 1596 alta
361 1554 450 1599 suum
467 1542 606 1602 labentur
621 1541 659 1600 ab
679 1555 815 1614 aequore
832 1546 914 1601 retro

103 1660 119 1682 a
161 1621 315 1697 Flumina,
337 1626 497 1686 conversis
513 1625 630 1700 Solque
646 1628 783 1685 recurret
797 1624 898 1698 equis:

120 1705 213 1763 Terra
229 1705 306 1764 leret
325 1706 444 1780 stellas,
462 1711 578 1769 caelum
593 1708 727 1769 findetur
740 1712 849 1781 aratro,

162 1788 252 1848 Unde
267 1787 352 1848 dabit
371 1787 510 1852 llammas
527 1800 555 1852 et
575 1793 658 1852 dabit
672 1792 752 1866 ignis
773 1807 884 1866 aquas:

86 1883 102 1934 5
119 1871 226 1932 Omnia
241 1878 368 1932 natmae
388 1883 588 1951 praepostera
603 1875 721 1950 legibus
743 1874 836 1949 ibunt

158 1955 296 2029 Parsque
313 1972 402 2016 suum
417 1961 522 2019 mundi
537 1961 619 2019 nulla
639 1958 753 2019 tenebit
771 1959 841 2016 iter:

123 2039 231 2100 Omnia
249 2039 310 2098 iam
324 2040 412 2115 fient,
434 2042 499 2102 fieri
516 2059 596 2118 quae
612 2058 709 2117 posse
728 2041 885 2115 negabam,

156 2123 194 2182 El
212 2122 285 2182 nibil
300 2131 360 2197 est,
381 2125 420 2183 de
436 2142 497 2201 quo
513 2143 574 2187 non
591 2127 631 2186 sit
645 2125 788 2185 habenda
802 2124 891 2187 fides,

119 2208 202 2267 Haec
219 2222 276 2282 ego
292 2207 456 2285 vaticinor,
477 2211 547 2285 quia
562 2227 630 2271 sum
648 2211 795 2284 deceptus
811 2209 848 2268 ab
864 2209 925 2282 illo,

75 2302 107 2354 lo
161 2291 305 2351 Laturum
321 2291 433 2353 misero
451 2310 542 2370 quem
557 2294 630 2354 mihi
648 2293 739 2353 rebar
758 2309 859 2368 opem.

118 2377 254 2436 Tantane
269 2382 313 2451 te,
329 2377 437 2449 fallax,
460 2394 571 2454 cepere
586 2378 699 2438 oblivia
713 2378 819 2451 nostri,

157 2457 376 2535 Alllictumque
391 2461 446 2522 luit
461 2469 561 2524 tantus
577 2462 662 2522 adire
678 2461 775 2535 timor,
859 2458 861 2461 ’

119 2544 159 2604 Ut
172 2559 273 2618 neque
292 2545 481 2619 respiceres,
499 2562 556 2605 nec
572 2548 708 2607 solarere
725 2545 882 2618 iacentem,

160 2628 257 2702 Dure,
274 2642 331 2687 nec
347 2631 494 2705 exequias
510 2643 732 2705 prosequerere
748 2635 855 2687 meas?

74 2721 104 2773 15
119 2711 199 2771 lllud
218 2711 369 2771 amicitiae
386 2721 523 2775 sanctum
543 2730 580 2774 ac
595 2712 771 2773 venerabile
789 2726 900 2771 nomen

160 2796 205 2855 Re
220 2794 272 2855 tibi
292 2812 348 2870 pro
365 2797 417 2856 vili
438 2796 494 2857 sub
512 2797 705 2872 pedibusque
727 2796 825 2856 iacet?

121 2877 200 2952 Quid
219 2879 288 2954 luit,
305 2880 418 2956 ingenti
439 2889 624 2956 prostratum
637 2882 717 2941 mole
732 2880 870 2940 sodalem

162 2964 273 3022 Visere
288 2971 318 3024 et
332 2966 469 3041 adloquii
484 2974 570 3042 parte
588 2969 692 3026 levare
706 2964 769 3023 tuit

119 3048 216 3122 Inque
224 3063 316 3108 meos
336 3049 362 3109 si
379 3066 439 3110 non
454 3051 608 3111 lacrimam
624 3048 772 3110 dimittere
788 3060 888 3119 casus,

71 3135 102 3189 lb
163 3131 262 3192 Pauca
277 3139 377 3194 tamen
392 3134 462 3195 ficto
479 3135 574 3194 verba
589 3134 695 3194 dolore
711 3130 805 3205 queri,

122 3215 235 3290 quue,
258 3219 341 3290 quod
356 3219 449 3294 ignoti
465 3219 594 3292 iaciunt,
611 3217 660 3276 vel
676 3214 779 3274 dicere
790 3216 907 3290 saltem,

164 3300 202 3358 Et
216 3315 324 3361 vocem
338 3303 445 3378 populi
457 3302 640 3377 publicaque
652 3315 706 3360 ora
720 3300 830 3374 sequit

122 3383 262 3458 Denique
277 3385 421 3460 lugubres
438 3386 537 3446 vultus
552 3400 779 3460 numquamque
793 3378 945 3443 videndos

163 3466 293 3530 Cernere
308 3486 451 3548 supremo
468 3469 538 3531 dum
552 3468 694 3545 licuitque
710 3468 768 3543 die,
