2318 3960
123 161 185 225 266
494 159 517 220 F
523 159 753 222 ASTORUM·

206 312 286 389 llrgo
303 319 335 374 ut
347 313 474 372 tironem
491 312 647 373 celebrare
662 311 832 388 frequentia
847 321 964 388 posset,

246 396 323 456 Visa
339 396 405 457 dies
421 395 542 456 dandae
556 412 617 457 non
633 396 732 456 adeun
749 403 849 472 togae.

204 479 276 540 Mite
293 489 392 556 caput,
408 486 504 556 pater,
519 480 578 542 lruc
593 481 775 556 placataque
790 485 1035 553 connumerata,

136 571 187 629 700
242 564 279 624 Et
294 565 349 624 des
364 563 487 640 ingenio
502 564 572 623 vcla
587 564 724 624 secunda
738 570 823 623 meet

205 647 265 707 Itur
280 648 319 708 ad
333 648 486 723 Argeos...
502 645 554 722 qui
569 646 644 722 sint,
659 663 716 708 sua
730 645 844 722 pagina
857 646 970 708 dicct...

245 731 324 806 Hac,
347 732 373 791 si
393 729 593 804 commemini,
616 732 842 807 praeteritaque
857 730 917 790 die.

205 813 299 873 Stella
312 813 499 891 Lycaoniam
515 813 612 889 vergit
625 815 772 890 proclivis
787 814 828 873 ad
842 815 958 874 Arcton

245 898 368 958 Miluus.
396 898 473 958 haec
486 898 539 957 illa
553 905 643 958 nocte
659 897 792 958 videnda
810 897 903 957 venit.
952 964 954 967 ¹

137 989 188 1047 705
205 981 281 1056 Quid
297 980 415 1042 dederit
429 982 562 1057 volucri,
578 982 604 1040 si
619 980 668 1041 vis
683 995 890 1056 cognoscere,
907 982 1043 1041 caelumz

248 1063 397 1126 Saturnus
411 1066 515 1140 regnis
531 1082 550 1124 a
564 1067 637 1125 love
652 1067 760 1141 pudsus
775 1070 855 1124 erata

206 1149 342 1209 concitat
355 1149 450 1210 iratus
464 1149 585 1209 validos
599 1149 722 1210 Titanas
738 1148 768 1208 in
785 1164 878 1222 anna,

245 1233 391 1308 Quaeque
406 1234 462 1294 luit
476 1233 545 1295 latis
562 1232 672 1307 debita,
691 1238 818 1308 temptat
832 1247 932 1307 opem.

203 1315 300 1377 Matre
316 1323 401 1377 satus
415 1319 516 1390 Terra,
534 1323 701 1376 monstrum
716 1314 861 1387 mirabile,
877 1322 983 1378 taurus

136 1409 188 1462 800
242 1400 331 1462 Parte
344 1400 392 1461 sui
408 1416 537 1476 serpens
553 1399 724 1476 posteriore
740 1399 804 1460 luit.

205 1485 291 1545 Hunc
306 1485 415 1560 triplici
430 1500 517 1545 muro
537 1484 614 1545 lueis
629 1483 794 1545 incluserat
808 1483 880 1543 atris

245 1568 407 1628 Parcarum
422 1568 537 1628 monitu
553 1567 632 1646 Styx
646 1567 781 1628 violenta
795 1566 894 1628 trium.

206 1653 333 1712 Viscera
348 1650 400 1728 qui
415 1651 492 1714 tauri
507 1650 638 1712 flammis
653 1651 805 1712 adolenda
820 1650 967 1724 dedisset,

246 1734 320 1795 Sors
337 1743 416 1810 crat,
438 1742 579 1795 aeternos
593 1734 717 1796 vincere
732 1751 827 1810 posse
843 1736 931 1795 deos.

136 1828 187 1882 805
203 1818 341 1879 lmnrolat
354 1819 436 1880 hunc
449 1818 592 1880 Briareus
608 1820 689 1879 lacta
703 1835 742 1880 cx
757 1819 920 1879 adamante
936 1819 1046 1889 securi,

243 1903 281 1963 Et
295 1903 416 1964 iamiam
432 1902 562 1964 flammis
576 1909 648 1964 exta
663 1903 790 1964 daturus
806 1909 879 1962 erat.

205 1987 340 2063 Iuppiter
355 1987 475 2048 alitibus
489 2002 599 2062 rapere
613 1985 751 2062 imperat.
779 1986 886 2047 Attulit
900 1985 942 2046 illi

246 2071 375 2145 Miluus,
391 2079 421 2130 ct
434 2071 549 2130 meritis
564 2070 691 2131 venitin
708 2079 791 2131 astra
805 2071 881 2130 suis.

150 2201 271 2264 lanc
313 2203 601 2278 1000011010
641 2205 692 2267 20.
716 2204 770 2264 GC
808 2193 937 2264 21.ch
976 2202 1026 2265 22.
1050 2203 1110 2262 AN

205 2320 272 2380 Una
287 2319 353 2379 dies
369 2320 471 2380 media
485 2328 546 2392 est,
570 2328 600 2381 00
613 2322 688 2380 fiunt
702 2337 790 2382 saera
803 2320 969 2393 Minervae,

135 2412 187 2466 800
237 2403 365 2463 Nomine
385 2419 464 2479 quac
479 2403 588 2464 iunctis
605 2403 739 2480 quinque
754 2404 863 2465 diebus
877 2402 1000 2464 habent.

205 2486 360 2562 Sanguine
382 2486 480 2562 prima
494 2494 592 2561 vacat,
614 2503 671 2548 uec
687 2489 733 2548 sas
749 2502 932 2548 concurrere
947 2487 1041 2547 ferro.

244 2570 358 2645 Causa,
381 2572 465 2646 quod
480 2577 529 2631 est
541 2571 592 2632 illa
605 2578 676 2632 nata
690 2572 828 2633 Minerva
842 2570 901 2631 die.

203 2655 308 2716 Altera
322 2662 446 2731 tresque
461 2670 555 2730 super
568 2671 640 2716 rasa
655 2655 846 2716 celebrantur
864 2654 990 2714 harena.

244 2738 377 2800 Ensibus
393 2739 524 2799 exsertis
537 2738 647 2799 bellica
662 2741 742 2799 laeta
757 2740 816 2799 dea
830 2745 887 2799 cst.

137 2830 187 2884 815
202 2822 325 2882 Pallada
339 2839 420 2882 nunc
436 2821 522 2897 pueri
537 2828 722 2897 teneraeque
739 2829 824 2883 orate
839 2821 969 2897 puellas.

245 2906 299 2979 Qui
315 2905 394 2965 bene
410 2906 537 2982 placarit
549 2906 684 2979 Pallada,
707 2907 815 2968 doctus
832 2905 898 2966 erit.

203 2989 326 3050 Pallade
341 2991 461 3065 placata
475 2991 574 3050 lanam
590 2989 708 3050 mollire
722 2991 843 3066 puellae

244 3074 371 3134 Discant
384 3080 413 3134 et
427 3073 534 3149 plenas
550 3088 719 3134 exonerare
733 3074 830 3135 colos.

203 3157 258 3217 llla
272 3157 362 3218 etiam
377 3156 485 3218 stantis
499 3157 586 3218 radio
603 3173 781 3232 percurrere
795 3158 872 3219 telas

140 3247 192 3303 820
245 3240 359 3314 Erudit,
382 3249 412 3302 et
425 3257 526 3301 rarum
541 3239 661 3316 pectine
676 3239 786 3302 denset
801 3257 890 3318 optts.

205 3324 290 3385 Hanc
305 3327 386 3400 cole,
404 3325 455 3401 qui
469 3325 562 3384 laesis
577 3326 712 3385 maculas
729 3326 768 3386 de
785 3325 923 3386 vestibus
939 3323 1058 3387 aulerci

245 3408 331 3469 Hauc
345 3409 421 3485 cole,
442 3407 609 3470 velleribus
625 3407 766 3487 quisquis
781 3411 859 3470 aena
873 3424 976 3486 paras.
