2318 3960
98 197 161 264 eta
476 197 729 275 rnsrosuu

177 351 244 412 Lux
259 350 375 411 aderat.
405 366 520 425 querno
536 349 661 411 solvunt
674 364 692 408 a
707 350 810 426 stipite
825 349 944 412 lunera:

220 438 301 495 Ante
314 441 414 495 tarum
429 434 531 510 posito
546 442 614 493 tura
629 431 743 493 dedere
759 434 840 494 loco.

114 528 165 583 3³5
178 519 259 578 Ante
274 526 451 578 coronatam
466 533 601 594 puppem
616 516 684 577 sine
697 516 767 576 labe
781 516 944 578 iuvencam

218 601 401 677 mactarunt,
419 616 547 676 operum
562 599 759 676 coniugiique
773 601 891 661 rudem.

175 685 231 744 Est
245 687 348 760 locus,
364 685 395 744 in
409 684 539 744 Tiberim
555 700 616 758 qua
630 682 765 744 lubricus
779 682 879 745 influit
892 686 983 746 Alme

215 769 253 828 Et
266 783 378 830 nomen
392 783 503 843 magno
519 767 619 844 perdit
633 765 671 826 ab
687 782 777 827 amne
790 767 899 828 minor.

176 851 241 910 lllic
256 866 412 927 purpurea
425 866 522 911 canus
538 867 607 911 cum
620 857 709 911 veste
722 852 871 912 sacerdos

112 941 165 996 elo
217 933 357 996 Almonis
372 933 526 995 dominam
541 948 693 1008 sacraque
707 934 781 994 lavit
795 935 896 1010 aquis.

175 1017 340 1078 Exululaut
354 1018 497 1094 comites,
513 1017 693 1092 furiosaque
706 1017 780 1076 tibia
795 1017 895 1092 fletur,
987 1070 990 1077 .

216 1102 254 1162 Et
268 1101 379 1162 feriunt
392 1101 501 1163 molles
515 1109 622 1164 taurea
634 1108 720 1176 terga
735 1117 853 1162 uranus.

177 1184 303 1246 Claudia
316 1184 475 1261 praecedit
488 1186 568 1246 laeto
585 1183 785 1247 celeberrima
798 1186 891 1256 voltu,

219 1268 340 1330 Credita
355 1269 408 1328 vix
421 1269 544 1329 tandem
559 1268 846 1343 testepudicadea.

111 1357 162 1410 345
176 1352 248 1428 lpse
262 1351 376 1412 sedens
391 1353 528 1427 plaustro
544 1357 633 1427 porta
647 1358 694 1411 est
708 1353 828 1411 invecta
843 1352 981 1429 capena:

217 1432 408 1511 Sparguntur
421 1436 542 1496 iunctae
555 1434 634 1496 ilore
648 1441 770 1496 recente
784 1435 893 1497 boves.

175 1518 286 1579 Nasica
299 1519 428 1594 accepit
456 1519 561 1594 templi
575 1535 636 1578 non
652 1517 781 1594 perstitit
799 1525 915 1580 auctor.

214 1603 375 1675 Augustus
391 1618 472 1662 nune
487 1609 543 1662 est.
573 1610 643 1662 ante
657 1601 798 1663 Metellus
813 1609 901 1662 erat?
1087 1664 1097 1682 ‚‚

176 1684 316 1747 Substitit
330 1685 379 1745 llic
394 1685 496 1745 Erato.
526 1702 612 1747 mora
625 1685 673 1756 fit,
689 1685 716 1745 si
731 1693 832 1761 cetera
846 1702 1002 1761 quaeram.

110 1785 162 1838 ³⁵⁰
174 1768 993 1928 «11111111111111111111111
1095 1912 1097 1920 ,

215 1935 310 1996 Fecit’
327 1936 377 1996 ait.
406 1937 541 1998 ‘dandae
556 1952 623 1996 mos
639 1935 728 2011 stipis
742 1935 815 1995 iude
828 1941 955 1996 manet.¹

175 2020 235 2080 Gur
248 2019 368 2080 vicibus
383 2019 471 2081 iactis
486 2021 589 2082 ineant
602 2018 761 2094 convivia,
778 2036 901 2094 quaero,

213 2102 298 2163 Tunc
312 2103 425 2179 magis,
440 2103 571 2164 indictas
586 2103 861 2178 concelebrentque
876 2104 986 2179 dapes.

110 2195 161 2250 355
176 2186 278 2260 ‘Quod
292 2187 371 2248 bene
385 2186 507 2247 mutarit
521 2187 628 2247 sedem
640 2187 848 2266 Berecyntia’
864 2187 942 2248 dixit

215 2271 358 2345 ‘captant
371 2270 491 2330 mutatis
504 2269 634 2331 sedibus
647 2285 736 2332 omen
753 2270 857 2331 idem!

81 2394 88 2411 .
173 2353 359 2425 Institeram,
377 2369 472 2428 quare
487 2352 576 2428 primi
588 2353 778 2430 Megalensia
793 2355 857 2415 ludi

215 2436 298 2496 Urbe
313 2436 413 2497 forent
425 2441 540 2497 nostra.
570 2452 639 2498 eum
654 2436 743 2498 dea...
760 2437 858 2499 sensit
871 2436 984 2498 enim...

174 2521 243 2580 ‘Illa
258 2519 349 2580 deos’
364 2518 462 2595 inquit
475 2522 617 2597 ‘peperit
647 2536 771 2582 cessere
785 2521 914 2598 parenti,

110 2619 162 2672 350
213 2602 460 2678 Principiumquc
475 2603 538 2665 dati
552 2604 649 2666 Mater
662 2604 789 2666 honoris
802 2603 919 2665 babet!

175 2686 249 2747 ‘Cur
263 2686 354 2761 igitur
369 2687 490 2759 Gallos,
507 2687 560 2764 qui
573 2705 609 2750 se
621 2688 780 2763 excidere,
794 2703 954 2762 vocamus,

215 2770 289 2831 curn
303 2777 386 2831 tanto
401 2771 535 2849 Phrygia
551 2771 665 2832 Gallica
681 2771 772 2832 distet
784 2772 931 2833 humust’

173 2854 279 2913 ‘Inter’
295 2854 337 2915 ait
350 2854 493 2916 ‘viridem
508 2855 643 2933 Cybelen
657 2856 798 2930 altasque
813 2855 961 2916 Celaenas

213 2937 322 2997 Amnis
337 2938 359 2998 it
372 2938 495 3012 insana,
510 2939 633 3012 nornine
649 2939 769 3011 Gallus,
785 2955 876 3014 aqua.

110 3029 160 3086 365
176 3019 232 3093 Qui
246 3018 321 3081 bibit
334 3020 421 3098 inde,
438 3022 517 3082 lurit.
546 3023 653 3098 procul
668 3022 739 3083 hinc
754 3022 917 3097 discedite,
934 3021 1003 3098 quis
1017 3029 1066 3084 est

215 3102 295 3164 cura
309 3104 411 3166 bonae
424 3105 543 3166 mentis.
576 3105 627 3179 qui
641 3104 717 3166 bibit
731 3105 820 3181 inde,
836 3104 929 3167 furit!

174 3185 252 3247 ‘Non
269 3189 364 3262 pudet
377 3188 556 3250 herbosum’
572 3188 636 3249 dixi
651 3189 809 3266 ‘posuisse
824 3199 974 3250 moretum

212 3269 247 3328 ln
262 3270 405 3332 dominae
419 3271 545 3334 mensis.
574 3289 613 3332 an
628 3289 684 3333 sua
699 3289 794 3333 causa
807 3271 948 3334 subestt’

172 3351 277 3412 ‘Lacte
291 3370 375 3416 mero
389 3362 509 3416 veteres
524 3351 573 3416 usi
586 3362 792 3418 memorantur
806 3362 837 3417 et
848 3354 964 3429 herbis,
1065 3423 1071 3430 ‚

110 3443 162 3498 ltu
216 3432 334 3512 Sponte
348 3454 406 3499 sua
420 3439 526 3514 siquas
540 3446 623 3500 terra
635 3438 765 3500 terebat’
780 3440 831 3500 ait.
