2318 3960
386 244 439 304 vl.
461 243 640 306 aes-370.
964 244 1026 309 ³25

89 397 133 456 Aa
146 394 239 456 ruber
252 395 408 456 hortorum
424 403 529 457 custos
544 396 762 475 nymphasque
777 399 930 474 deasque·

136 478 257 555 Capiat,
280 486 310 539 et
324 487 460 541 errantes
476 483 596 556 fertque
611 482 766 557 refertque
781 482 889 558 pedes.

43 573 72 628 ³5
88 564 210 639 Aspicit
223 570 254 624 et
267 565 403 624 Vestam.
434 564 568 640 dubium,
584 565 792 644 nymphamne
807 568 926 643 putarit,

132 648 183 707 An
199 649 302 709 scierit
315 649 453 708 Vestam.
483 649 585 709 scisse
600 649 657 709 sed
671 651 740 725 ipse
754 656 853 726 negat.

92 732 186 806 Spem
201 732 283 807 capit
297 731 478 806 obscenam,
501 733 664 809 furtimque
679 735 828 795 accedere
848 740 980 810 temptat,

132 815 169 875 Et
183 816 241 876 lert
254 833 426 892 suspensos
442 817 537 877 corde
551 817 682 877 micante
695 818 820 893 gradis.

89 898 180 960 Forte
195 916 307 976 senex,
324 918 385 975 quo
401 907 508 961 vectus
524 907 602 977 erat,
620 901 742 964 Silenus
756 902 883 962 asellum

43 993 75 1047 lo
133 984 279 1060 Liquerat
293 985 333 1044 ad
348 985 433 1059 ripas
449 987 518 1044 lene
533 985 672 1046 sonantis
688 1001 798 1062 aquae.

90 1069 165 1142 lbet
183 1074 217 1129 ut
230 1067 379 1145 inciperet
393 1069 477 1144 longi
492 1069 570 1129 deus
584 1071 786 1145 Hellesponti,

131 1153 349 1228 intempestivo
370 1168 439 1215 cum
453 1152 536 1215 rudit
549 1153 600 1214 ille
615 1169 705 1215 sono.

90 1236 206 1296 Territa
219 1251 298 1296 voce
312 1239 398 1312 gravi
412 1239 509 1314 surgit
524 1238 591 1297 dea.
622 1237 768 1299 convolat
782 1237 881 1298 omnis

132 1320 243 1380 Turba.
273 1337 329 1397 per
343 1310 470 1382 infestas
486 1321 594 1397 ellirgil
607 1323 658 1382 ille
671 1337 791 1382 manus.

43 1409 74 1463 la
90 1404 280 1480 Lampsacus
295 1405 356 1465 hoc
370 1407 482 1466 animal
497 1407 588 1467 solita
601 1413 649 1467 est
662 1410 796 1467 mactare
808 1403 938 1480 Priapo:

133 1489 215 1564 Apta
232 1489 310 1549 asini
326 1488 457 1551 llammis
472 1491 582 1551 indicis
598 1498 670 1551 exta
684 1491 803 1550 damus.

92 1573 186 1647 Quem
200 1581 246 1646 tu,
264 1574 350 1649 diva,
366 1575 537 1659 memor-de
555 1590 634 1651 pane
647 1573 810 1635 monilibus
826 1587 933 1632 omas·

135 1657 242 1718 Cessat
257 1674 351 1735 opus,
367 1675 485 1720 vacuae
500 1659 676 1720 conticuere
691 1659 801 1719 molae.

89 1741 233 1813 Nomine,
250 1759 342 1817 quam
357 1744 471 1819 pretio,
487 1742 668 1804 celebratior
681 1757 753 1803 arce
763 1740 918 1812 Tonantis,

43 1835 79 1888 50
136 1825 257 1900 Dicam,
272 1827 399 1888 PIsloris
415 1827 488 1904 quid
502 1828 576 1887 velit
589 1826 751 1888 aralovis.

93 1910 197 1970 Cincta
211 1911 428 1986 premebantur
441 1911 580 1972 trucibus
596 1910 746 1986 capitolia
760 1908 870 1970 Gallis:

133 1993 260 2056 Fecerat
275 1994 397 2056 obsidio
413 1996 474 2054 iam
489 1996 630 2055 diuturna
645 1996 764 2054 lamem.

91 2079 241 2154 luppiter,
261 2079 303 2140 ad
319 2080 430 2140 solium
445 2079 567 2154 superis
581 2080 686 2153 regale
701 2078 828 2151 vocalis,

135 2163 285 2238 ‘lnoipcl’
309 2165 356 2223 ait·
364 2163 462 2223 Marti.
491 2164 631 2239 protinus
646 2162 697 2222 ille
710 2162 817 2222 relert:

43 2261 75 2312 55
92 2246 228 2308 ‘Scilicet
241 2248 378 2322 ignotum
392 2255 454 2322 est,
478 2263 558 2323 quae
573 2247 614 2308 sit
628 2247 749 2326 fortuna
763 2259 910 2316 meorum,

132 2331 170 2392 Et
184 2331 273 2392 dolor
286 2331 336 2391 hic
351 2332 441 2392 animi
460 2347 538 2392 voce
552 2331 708 2407 querentis
723 2335 801 2405 eget.

92 2416 124 2476 Si
139 2421 254 2490 lamen,
269 2424 301 2476 ut
314 2418 445 2477 referam
459 2416 593 2477 breviter
606 2417 687 2475 mala
700 2414 804 2473 iuncta
819 2411 940 2488 pudori,

132 2499 253 2574 Exigis:
275 2500 388 2576 Alpino
403 2502 501 2562 Roma
516 2499 574 2560 sub
589 2499 678 2559 hoste
692 2499 781 2559 iacet.

91 2583 175 2643 llaec
191 2591 248 2655 est,
269 2584 318 2645 cni
334 2586 432 2645 luerat
446 2584 599 2661 promissa
613 2582 750 2659 potentia
762 2597 872 2655 rerum,

43 2680 77 2734 50
134 2666 291 2742 luppitera
309 2669 390 2729 hanc
405 2670 493 2729 terris
507 2669 705 2744 impositums
720 2671 813 2725 eras?

92 2751 217 2825 lamque
232 2752 425 2815 suburbanos
439 2753 630 2828 Etruscaque
646 2750 784 2812 contudit
797 2764 890 2808 arma.

136 2833 216 2910 Spes
231 2844 296 2896 erat
309 2837 340 2895 in
355 2852 456 2899 cursu.
485 2838 644 2897 nunciare
660 2836 749 2911 pulsa
764 2849 821 2894 suo
836 2842 890 2892 est.

92 2918 234 2980 Vidimus
250 2928 375 2982 ornatos
391 2928 516 2982 servata
530 2936 586 2996 per
601 2920 677 2980 atria
692 2918 774 2995 picta

134 3004 231 3064 Veste
245 3004 444 3080 triumphales
464 3005 650 3066 occubuisse
664 3019 766 3064 senes.

43 3103 76 3158 55
93 3088 233 3148 Vidimus
247 3089 358 3149 lliaoae
371 3089 529 3149 translerri
544 3089 674 3164 pignora
689 3089 805 3148 Vestae

136 3170 227 3232 Sede.
255 3172 362 3234 Putant
376 3174 498 3250 aliquos
514 3171 630 3232 scilicet
644 3187 715 3232 esse
734 3171 820 3230 deos.

92 3257 132 3315 At
146 3256 174 3315 si
188 3257 390 3333 respicerent,
409 3273 472 3333 qua
485 3271 544 3316 vos
558 3255 701 3316 habitatis
715 3255 745 3314 in
761 3269 841 3326 arce,

134 3339 253 3414 Totque
268 3342 377 3403 domos
394 3348 514 3402 vestras
529 3338 691 3400 obsidione
706 3337 811 3413 premi,

92 3423 139 3482 Nil
155 3426 225 3499 opis
240 3425 270 3484 in
286 3441 360 3485 cura
375 3427 488 3487 scirent
502 3438 668 3499 superesse
683 3421 819 3491 deorum,

43 3518 76 3573 70
134 3507 173 3566 Et
188 3508 405 3575 datasollicita
419 3518 488 3570 tura
506 3507 607 3587 perire
619 3522 719 3568 manu.
