2318 3960
98 223 157 290 lca
492 223 551 284 EX
573 223 720 284 PONTO

220 378 385 436 Consortes
400 374 484 434 urbis
499 374 648 449 comperit
662 389 733 433 esse
748 390 833 435 suae.

179 461 357 520 “alteruter
370 459 476 518 votis’2
493 458 589 534 inquit
603 458 718 541 “eadat
732 458 833 518 hostia
847 460 964 520 saerisa
1028 493 1032 500 -

217 544 267 603 Ad
283 542 398 619 patrias
413 542 505 602 sedes
521 542 644 601 nuntius
660 542 736 600 alter
751 544 833 601 eat.'’

134 637 168 692 85
180 629 228 687 lre
242 627 325 686 iubet
337 625 471 703 Pylades
488 640 591 685 carum
607 625 759 700 periturus
775 624 919 687 Oresten:

122 723 133 735 ⁸
219 711 276 770 Hic
291 718 391 785 negat.
423 711 516 783 inque
531 708 630 770 vicem
646 715 761 784 pugnat
775 716 904 783 uterque
918 708 1007 771 mori.

177 794 283 854 Extitit
295 794 355 853 hoc
370 809 472 868 unum,
494 793 579 867 quod
595 809 656 853 non
673 794 852 853 convenerit
864 791 940 853 illis:

220 877 326 937 Cetera
340 892 398 952 par
411 891 541 936 concors
557 882 588 935 et
602 877 668 936 sine
683 875 735 934 lite
749 877 813 936 init.

178 961 256 1020 Dum
272 967 421 1036 peragunt
437 960 555 1036 pulchri
570 960 697 1020 iuvenes
712 966 864 1020 certamen
881 960 1005 1036 amoris,

135 1050 169 1105 90
219 1044 270 1103 Ad
288 1045 409 1105 fratrem
424 1045 554 1119 scriptas
570 1049 676 1104 exarat
689 1043 740 1103 illa
756 1050 856 1104 notas.

176 1129 227 1188 Ad
242 1129 364 1187 fratrem
379 1128 523 1188 mandata
537 1126 638 1187 dabat.
674 1127 784 1201 cuique
801 1128 852 1188 illa
867 1126 1048 1202 dabanturp.

218 1212 374 1271 Humanos
390 1227 483 1272 casus
499 1212 643 1286 aspicet..
666 1211 758 1270 irater
773 1217 847 1271 erat,

175 1296 238 1355 Nec
253 1311 348 1354 mora.
383 1295 422 1354 de
436 1296 549 1369 templo
565 1295 691 1368 rapiunt
705 1295 868 1354 simulacra
881 1293 1007 1368 Dianae,

218 1379 362 1453 clamque
377 1393 434 1454 per
448 1379 603 1439 inmensas
620 1394 725 1454 puppe
743 1379 878 1438 feruntur
892 1393 1001 1453 aquas.

134 1471 168 1527 95
179 1463 273 1522 Mims
291 1476 378 1521 amor
394 1462 545 1537 iuvenum,
569 1463 708 1537 quamvis
727 1463 831 1523 abiere
843 1467 888 1522 tot
902 1461 984 1535 anni,

217 1548 250 1605 ln
268 1544 395 1621 Scythia
409 1560 552 1620 magnum
566 1561 648 1607 nune
665 1561 790 1621 quoque
804 1561 915 1606 nomen
928 1544 1045 1605 habet!

175 1629 292 1689 Fabula
306 1636 427 1688 narrata
441 1635 488 1688 est
501 1636 665 1705 postquam
680 1630 815 1704 vulgaris
831 1629 869 1689 ab
884 1630 947 1705 illo,

219 1712 396 1772 laudarunt
412 1727 518 1773 omnes
539 1715 618 1774 iacta
634 1715 780 1788 piamque
794 1713 896 1774 iidem.

178 1795 301 1856 Scilicet
314 1795 372 1855 hac
388 1797 492 1871 etiam,
514 1813 576 1872 qua
589 1797 672 1857 nulla
686 1796 827 1871 ferocior,
852 1813 907 1857 ora

114 1888 165 1941 100
216 1879 331 1939 Nomen
348 1880 498 1940 amicitiae
511 1881 644 1941 barbara
658 1882 754 1941 corda
768 1888 880 1941 movet.

177 1963 255 2038 Quid
270 1965 373 2024 lacere
385 1964 526 2025 Ausonia
540 1965 632 2039 geniti
649 1964 768 2025 debetis
782 1965 813 2024 in
827 1964 918 2038 Urbe,

217 2046 290 2108 Cum
305 2054 429 2123 tangant
445 2048 529 2108 diros
544 2049 616 2109 talia
630 2049 711 2108 lacta
725 2047 840 2110 Getasa

177 2130 275 2204 Adde,
299 2131 384 2206 quod
399 2138 445 2191 est
459 2132 578 2192 enimus
594 2148 717 2208 semper
730 2131 784 2192 tibi
798 2132 888 2207 mitis,
912 2138 944 2193 et
957 2133 1038 2194 altae

215 2214 362 2273 Indicium
377 2230 478 2275 mores
494 2216 657 2276 nobilitatis
673 2215 795 2289 habent,

114 2306 161 2361 105
174 2297 257 2372 Quos
272 2299 407 2359 Volesus
423 2299 512 2374 patrii
529 2306 698 2375 cognoscat
712 2298 844 2360 nominis
858 2306 975 2374 auctor,

215 2381 299 2454 Quos
314 2381 410 2442 Numa
426 2389 579 2443 maternus
593 2400 655 2444 non
671 2388 762 2459 neget
775 2398 847 2444 esse
861 2399 948 2456 suos,

172 2464 355 2540 Adiectique
371 2465 502 2540 probent
515 2465 656 2542 genetiva
667 2467 706 2527 ad
721 2466 844 2528 nomina
860 2467 975 2540 cottae,

214 2547 247 2608 Si
261 2554 294 2607 tu
309 2565 371 2608 non
386 2565 484 2623 esses,
508 2551 663 2612 interitura
679 2551 799 2610 domus.

172 2632 271 2706 Digne
285 2633 332 2691 vir
345 2634 404 2693 hac
419 2633 507 2708 serie,
531 2636 619 2710 lapso
634 2649 813 2695 succurrere
827 2633 926 2695 amico

114 2722 161 2776 llo
218 2715 409 2777 Conveniens
425 2717 491 2777 istis
506 2719 643 2780 moribus
661 2734 733 2778 esse
746 2723 834 2793 putat

120 2896 160 2991 3.
216 2933 357 2994 annio
380 2935 579 2996 mraxime.

175 3017 212 3111 Si
228 3061 318 3115 vacat
332 3055 474 3129 exiguum
491 3056 621 3130 profugo
640 3055 713 3114 dare
727 3061 849 3132 tempus
864 3053 973 3130 amico,

215 3136 238 3197 Ο
255 3138 342 3200 sidus
357 3137 478 3213 Fabiae,
500 3139 641 3212 Maxime,
662 3139 772 3214 gentis,
794 3138 881 3214 ades,

172 3219 251 3280 Dum
267 3221 321 3280 tibi
336 3237 416 3297 quae
430 3222 503 3298 vidi,
525 3222 664 3282 reseram.
697 3238 754 3284 seu
770 3221 910 3299 corporis
925 3220 1043 3295 umbra,

215 3302 278 3364 Seu
291 3307 357 3365 veri
372 3306 504 3383 species,
528 3321 584 3367 seu
599 3306 654 3367 fuit
666 3306 717 3366 ille
732 3320 838 3383 sopor.

140 3393 156 3446 5
170 3387 239 3446 Nox
255 3395 320 3450 erat
333 3393 363 3448 et
378 3388 493 3451 bifores
512 3389 643 3451 intrabat
657 3391 729 3452 luna
744 3391 903 3464 fenestras,

213 3471 320 3533 Mense
334 3473 398 3534 iere
413 3475 515 3536 medio
531 3481 644 3551 quanta
660 3474 757 3536 nitere
772 3477 859 3536 solet.
