2318 3960
97 185 142 249 90
492 181 719 244 TRISTIUM

185 338 230 397 hn
245 341 395 413 peragunt
410 335 518 396 solitos
533 333 706 395 communia
719 339 858 408 tempora
872 337 998 405 motus

223 420 362 494 Suntque
377 419 474 494 magis
488 418 570 479 vitae
584 425 724 495 tempora
738 417 815 478 dura
831 422 941 477 maaet

183 504 278 578 Quem
295 508 376 562 tenet
388 502 499 563 Errxini
515 502 649 561 mendax
664 501 846 574 cognomine
862 499 943 574 litus,

223 588 261 647 Et
276 585 410 664 Scythici
426 601 501 648 vere
515 592 596 645 terra
608 584 733 645 sinistra
748 583 826 646 freti.

131 673 175 733 '15
187 672 367 730 Innumerae
382 669 464 730 cirea
478 675 585 744 gentes
600 668 666 728 fera
678 667 760 728 bella
773 666 935 739 minantur,

223 754 307 828 Quae
324 751 383 812 sibi
396 767 459 813 non
472 760 561 828 rapto
576 752 682 812 vivere
696 758 785 826 turpe
794 756 916 826 putant.

183 838 229 896 Nil
243 844 330 897 extra
344 842 441 897 tutum
455 844 512 896 est
542 837 674 897 tumulus
690 834 862 896 defenditur
876 847 969 908 aegre

222 919 384 982 Moenibus
400 920 518 996 exiguis
534 920 719 994 ingenioque
732 917 803 979 loci.

184 1005 257 1065 Cum
270 1004 392 1064 minime
406 1006 524 1078 credas,
547 1010 580 1064 ut
593 1004 669 1077 avis,
691 1002 895 1062 densissimus
908 999 1009 1062 hostie

140 1101 175 1152 20
226 1088 369 1161 Advolat,
392 1095 422 1147 et
436 1089 581 1162 praedam
595 1087 648 1147 vix
661 1086 741 1146 bene
754 1085 841 1146 visus
856 1085 928 1159 agit.

185 1171 285 1247 Saepe
301 1172 380 1231 intra
393 1187 498 1232 muros
514 1171 627 1232 clausis
642 1170 797 1231 venientia
809 1168 907 1245 portis

224 1254 281 1314 Per
295 1255 413 1322 medias
429 1256 559 1331 legimus
574 1255 668 1316 noxia
681 1255 742 1314 tela
756 1254 835 1314 vias.

182 1339 237 1399 Est
250 1339 340 1414 igitur
354 1355 452 1411 rarus,
477 1356 532 1400 rus
547 1339 600 1414 qui
615 1340 716 1400 colere
733 1337 852 1412 audeat,
877 1337 968 1412 isque

222 1423 288 1484 Hac
302 1431 368 1484 arat
381 1423 496 1496 infelix,
518 1423 576 1482 hac
590 1428 673 1484 tenet
686 1438 771 1483 arma
783 1438 886 1483 manu.

141 1517 175 1568 25
190 1507 253 1567 Sub
267 1507 357 1580 galea
376 1514 482 1582 pastor
497 1507 607 1568 iunctis
624 1507 692 1581 pice
706 1512 807 1567 canmt
821 1504 938 1580 avenis,

222 1590 344 1664 Proque
357 1592 431 1666 lupo
447 1590 577 1666 pavidae
590 1589 672 1651 bella
688 1597 829 1651 verentur
843 1605 930 1651 oves.

183 1674 243 1732 Vix
258 1689 318 1749 ope
334 1674 451 1733 castelli
466 1674 667 1736 defendimur.
695 1681 726 1735 et
739 1682 839 1736 umen
852 1675 934 1737 intus

223 1757 318 1817 Mixto
333 1758 405 1818 iacit
419 1758 545 1819 Graecis
558 1758 690 1819 barbara
703 1759 792 1820 turba
805 1766 927 1820 metum.

184 1841 301 1917 Quippe
316 1842 406 1903 simul
420 1842 510 1904 nobis
525 1843 639 1903 habitat
654 1843 829 1903 discrimine
842 1842 925 1903 nulio

139 1933 175 1986 30
224 1925 389 2002 Barbarus,
410 1934 441 1987 et
454 1927 525 1987 tecti
539 1929 609 2003 plus
624 1942 749 2002 quoque
765 1933 851 2002 parte
864 1930 958 1986 tenet.

183 2009 265 2082 Quos
281 2018 314 2070 ut
328 2027 390 2072 non
404 2011 521 2086 timeas,
541 2010 644 2085 possis
661 2011 766 2073 odisse
781 2009 916 2070 videndo

222 2092 354 2154 Pellibus
370 2101 401 2154 et
414 2095 507 2170 longa
522 2102 648 2168 pectora
662 2101 743 2154 tecta
757 2110 854 2156 coma.

182 2177 246 2237 llos
263 2193 395 2252 quoque,
420 2178 471 2252 qui
485 2179 577 2252 geniti
593 2177 684 2237 Graia
698 2178 863 2240 creduntur
877 2176 915 2237 ab
931 2177 1007 2239 urbe

222 2259 279 2320 Pro
296 2260 394 2335 patrio
410 2261 492 2320 cultu
505 2260 629 2320 Persica
642 2260 755 2321 bracca
767 2261 851 2335 tegit.

140 2351 174 2404 35
184 2343 336 2417 Exercent
349 2343 392 2403 illi
407 2343 511 2404 sociae
527 2344 710 2405 commercia
723 2345 861 2420 linguaet
977 2364 979 2368 ·

221 2427 279 2485 Per
293 2425 413 2501 gestum
426 2442 478 2487 res
492 2433 541 2487 est
554 2427 758 2503 significanda
770 2427 854 2488 mihi.

183 2508 336 2570 Barbarus
351 2510 401 2570 hic
418 2526 476 2585 ego
492 2526 571 2586 sum,
596 2511 667 2586 quia
682 2528 743 2572 non
758 2511 919 2588 intellegor
932 2513 994 2588 ulli,

222 2593 259 2652 Et
272 2593 373 2654 rident
387 2594 491 2654 stolidi
504 2595 601 2655 verba
615 2596 722 2656 Latina
738 2596 842 2657 Getae.

181 2677 293 2751 Meque
308 2679 410 2753 palam
425 2679 464 2739 de
478 2694 527 2739 me
541 2686 605 2741 tuto
620 2681 700 2741 mala
714 2696 811 2757 saepe
824 2683 1000 2757 loquuntur,

139 2768 175 2821 40
224 2761 364 2823 Forsitan
380 2761 515 2824 obiciunt
528 2763 714 2839 exiliumque
727 2765 810 2825 mihi.

131 2844 281 2920 -thue
296 2846 338 2920 tlt,
361 2846 392 2906 in
407 2862 456 2906 me
470 2847 596 2922 aliquid,
618 2848 645 2908 si
661 2849 734 2924 quid
749 2847 920 2910 dicentibus
935 2849 996 2910 illis

128 2966 170 2977 -
218 2928 387 2991 Abnuerim
403 2931 546 3006 quotiens
560 2932 791 3008 adnuerimque‚
816 2939 931 3009 putant.

179 3013 279 3089 Adde,
300 3013 386 3088 quod
400 3014 546 3075 iniustum
559 3015 657 3091 rigido
674 3017 722 3077 ius
737 3017 847 3079 dicitur
860 3032 945 3092 ense,

218 3096 333 3158 Dantur
346 3105 377 3158 et
389 3097 421 3158 in
436 3098 538 3160 medio
553 3101 681 3160 vulnera
695 3116 791 3177 saepe
804 3103 882 3161 loro.

139 3178 208 3244 450
224 3179 331 3240 duram
344 3182 505 3256 Lachesin,
533 3199 612 3257 quae
626 3190 687 3244 tam
701 3200 795 3260 grave
809 3184 898 3245 sidus
913 3183 1037 3256 habenti

223 3261 287 3322 Fila
302 3265 387 3326 dedit
399 3267 480 3327 vitae
494 3283 558 3328 non
572 3265 716 3329 breviora
730 3275 831 3329 meae!

181 3345 269 3419 Quod
283 3348 400 3422 patriae
410 3352 497 3412 vultu
511 3337 679 3429 vestroque
693 3367 841 3428 caremus,
866 3351 965 3426 amici,

221 3428 325 3506 Atque
339 3430 389 3491 hic
404 3432 435 3492 in
451 3433 605 3510 Scythicis
621 3435 763 3512 gentibus
778 3451 850 3497 esse
866 3450 989 3512 queror.
