2318 3960
393 219 422 295 I,
444 217 480 294 2,
502 214 681 282 aosslolf

152 371 296 451 Spesque
309 372 388 433 levis
402 386 513 446 magno
529 371 611 432 victa
624 371 733 434 timore
748 373 839 435 cadit.

11 448 22 477 '
58 466 94 520 65
107 457 172 517 Nec
187 463 289 517 tamen
304 454 430 516 ulterius
447 456 612 531 quicquam
627 472 761 532 sperove
775 472 934 533 precorve,

151 540 248 615 Quam
260 540 341 601 male
355 545 468 600 mutato
486 553 581 615 posse
592 553 698 600 carere
712 542 793 603 loco.

107 625 170 684 Aul
185 623 261 698 hoo,
278 629 331 684 aut
343 623 417 684 nihil
432 630 493 695 cst,
514 638 571 699 pro
585 639 635 684 mc
652 630 802 700 temptare
816 624 956 686 modeste

152 708 255 770 Gratia
274 707 359 784 quod
375 708 463 769 salvo
478 715 583 768 vestra
597 707 718 784 pudore
733 715 832 784 queat.

109 791 256 868 Suscipe,
270 791 431 853 Romanae
445 791 603 867 facundia,
623 791 771 865 Maxime,
789 793 920 869 linguae,
1035 794 1038 798 ’

57 884 93 941 70
149 875 290 938 Difficilis
307 890 421 936 causae
435 876 507 935 mite
522 876 736 950 patrocinium.

107 961 161 1022 Est
175 960 270 1035 mala,
287 959 445 1021 confiteor.
472 959 529 1020 sed
543 965 573 1018 te
591 959 675 1019 bona
690 960 743 1020 fiet
757 967 875 1036 agente.

148 1043 245 1104 Lenia
257 1059 315 1119 pro
330 1043 443 1104 misera
457 1044 506 1103 lac
525 1042 619 1103 modo
640 1043 835 1119 verba-iuga.

107 1127 212 1189 Nescit
225 1126 306 1187 enirn
321 1127 449 1202 Caesar,
470 1128 610 1202 quamvis
628 1127 706 1187 deus
722 1129 823 1188 omnia
839 1127 927 1204 norit,
1032 1128 1034 1131 ’

151 1212 280 1274 Ultimus
296 1211 346 1271 hic
364 1227 426 1287 qua
439 1211 479 1271 sit
493 1210 677 1272 condicione
694 1212 792 1272 locus.

57 1305 92 1361 75
106 1297 220 1372 Magna
232 1303 337 1356 tenent
350 1295 425 1355 illud
439 1310 551 1355 numen
565 1294 721 1356 molimina
734 1310 850 1356 rerum:

149 1381 234 1440 Haec
251 1387 299 1441 est
313 1378 437 1439 caelesti
452 1385 578 1455 pectore
597 1394 672 1439 cura
684 1379 793 1439 minor.

108 1465 171 1525 Nec
191 1471 294 1539 vacat,
312 1464 343 1523 in
359 1479 421 1538 qua
440 1463 501 1523 sint
514 1462 606 1538 positi
621 1463 747 1538 regione
761 1463 906 1538 Tomitae,

151 1549 318 1624 Quaerere,
334 1547 461 1608 finitimo
483 1547 535 1607 vix
553 1547 622 1607 loca
637 1553 710 1608 nota
724 1547 833 1607 Getaez

108 1636 171 1693 Ant
185 1631 259 1706 quid
274 1630 476 1693 Sauromatae
491 1631 619 1706 iaciant,
640 1630 714 1705 quid
730 1632 861 1709 lazyges
878 1645 966 1693 acres

56 1725 93 1778 80
151 1716 300 1792 Crrltaquc
315 1713 460 1776 Oresteae
475 1714 604 1776 Taurica
617 1723 699 1775 terra
713 1716 807 1775 deae:

109 1800 255 1875 Quaeque
269 1799 348 1859 aliae
361 1806 483 1874 gentes,
501 1799 553 1861 ubi
568 1800 680 1874 frigore
695 1799 830 1860 constitit
842 1799 954 1871 Hister,

149 1885 233 1945 Dura
246 1890 350 1943 meant
364 1883 455 1945 celeri
468 1890 556 1958 terga
569 1883 738 1958 peremnis
752 1899 844 1958 equo.

108 1967 243 2027 Maxima
264 1982 335 2045 pars
353 1966 510 2027 hominurn
525 1982 584 2027 nec
599 1974 643 2039 te,
659 1966 878 2042 pulcherrima,
901 1972 995 2044 curat,

149 2050 264 2122 Roma,
284 2065 342 2110 nec
355 2050 487 2112 Ausonii
501 2050 604 2110 milms
620 2066 705 2110 arma
723 2050 816 2110 timet.

57 2143 93 2197 85
106 2135 188 2194 vDant
202 2133 262 2195 illis
277 2134 396 2195 animos
412 2150 502 2196 arcus
517 2135 691 2211 plenaeque
706 2133 877 2210 pharetrae,

151 2219 309 2294 Quamque
322 2217 396 2278 libet
408 2218 510 2294 longis
527 2218 668 2279 cursibus
682 2223 773 2294 aptus
789 2233 898 2295 equus,

110 2302 262 2378 Quodque
278 2302 359 2364 sitim
373 2302 509 2364 didicere
524 2303 577 2363 diu
590 2303 722 2364 tolerare
736 2304 919 2378 famemque,

152 2385 302 2462 Quodque
319 2400 454 2462 sequens
470 2387 570 2447 nullas
586 2386 685 2449 hostis
699 2385 824 2447 habebit
838 2401 947 2461 aquas.

109 2470 158 2528 Ira
171 2469 230 2530 viri
244 2470 324 2530 mitis
341 2485 403 2531 non
422 2486 472 2531 me
491 2470 628 2532 misisset
641 2471 671 2530 in
686 2471 785 2545 istam,

56 2561 93 2617 90
150 2552 183 2615 si
198 2554 274 2614 satis
291 2554 369 2615 hacc
382 2554 425 2614 illi
440 2561 513 2615 nota
528 2554 639 2617 ruisset
657 2555 778 2617 humus.

107 2636 171 2698 Nec
186 2653 250 2713 me,
265 2653 322 2698 nec
338 2654 524 2714 quemqnam
538 2637 711 2699 Romanum
725 2640 839 2713 gaudet
852 2636 891 2696 ab
906 2636 1005 2711 hoste,

149 2720 263 2796 Meque
281 2722 396 2797 minus,
413 2722 507 2782 vitam
522 2722 571 2781 cui
585 2721 679 2782 dabat
692 2724 775 2798 ipse,
792 2721 870 2797 capi.

108 2805 223 2879 Noluit,
238 2811 273 2867 ut
286 2811 420 2882 poterat,
435 2806 558 2867 minimo
576 2820 625 2865 me
639 2806 771 2882 perdere
789 2811 874 2867 nutu.

150 2889 198 2949 Nil
218 2904 299 2964 opus
313 2897 363 2952 cst
375 2890 445 2950 ullis
461 2889 492 2950 in
506 2904 576 2950 mea
589 2890 652 2950 iaia
666 2889 760 2951 Getis.

56 2980 92 3036 95
107 2970 170 3033 Sed
177 2988 288 3049 neque,
301 2989 355 3034 cur
361 2988 506 3049 morerer,
521 2974 686 3049 quicquam
694 2972 767 3033 mihi
774 2971 922 3048 comperit
929 2978 1037 3048 actum,

150 3055 189 3115 Et
202 3058 304 3118 minus
323 3057 469 3131 infestus,
490 3072 581 3134 quarn
596 3058 665 3129 luit,
682 3072 755 3118 csse
768 3063 881 3133 potest

108 3139 192 3200 Tunc
207 3157 333 3217 quoque
347 3142 388 3201 nil
403 3141 488 3215 lecit,
505 3140 565 3200 nisi
581 3141 667 3217 quod
686 3143 789 3201 lacere
803 3141 873 3215 ipse
887 3153 991 3214 coegit

150 3222 252 3286 Paene
267 3225 357 3285 etiam
376 3225 483 3285 merito
498 3224 622 3300 parcior
639 3225 685 3285 ira
698 3239 768 3286 meo
782 3231 840 3286 est

109 3308 146 3369 Di
162 3309 277 3370 iaciant
289 3308 395 3385 igitur,
412 3324 543 3385 quorum
557 3307 745 3370 iustissimus
759 3309 829 3385 ipse
843 3313 900 3383 cst,

44 3403 98 3456 too
153 3392 244 3454 Alma
264 3392 339 3454 nihil
353 3393 451 3454 maius
466 3391 598 3453 Caesare
611 3399 693 3454 terra
707 3393 799 3456 lerat=

109 3478 211 3554 thue
226 3477 279 3539 diu
295 3477 352 3538 sub
368 3492 405 3538 eo
420 3476 460 3538 sit
473 3476 598 3554 publica
612 3475 734 3539 sarcina
747 3492 859 3545 rerum,
