2318 3960
98 218 141 284 54
472 216 698 280 TRISTIUM

53 376 60 386 '
142 382 159 432 a
173 371 235 431 lam
249 371 346 430 violas
362 368 511 444 puerique
525 370 629 444 legunt
642 370 816 444 hilaresque
831 373 961 447 puellae,

215 454 342 514 Rustica
357 468 435 528 quas
450 453 533 512 nullo
548 459 629 512 terra
643 460 763 513 serente
778 452 868 514 vehit.

176 536 328 610 Prataque
342 536 515 610 pubescunt
528 535 680 596 variorum
694 535 772 596 flore
786 539 939 600 colorum=

216 619 406 693 indocilique
420 620 535 692 loquax
548 626 667 692 gutture
681 625 788 680 vernat
802 621 877 680 avis.

174 703 275 778 thue
294 703 392 760 malae
407 702 519 760 crimen
533 700 637 762 matris
652 703 786 778 deponat
798 703 929 765 hirundo

131 799 163 851 10
218 784 281 845 Sub
296 783 431 845 trabibus
447 800 543 844 cunas
558 792 699 860 tectaque
713 802 809 860 parva
823 787 903 847 lacit.

175 868 347 942 Herbaque‚
364 883 443 942 quae
457 868 541 927 latuit
556 867 729 928 Cerealibus
746 868 854 930 obruta
869 873 976 946 sulcis,

217 951 339 1010 Exseril
353 965 370 1009 e
384 951 487 1024 tepida
502 951 592 1011 molle
608 967 751 1011 cacumen
767 952 868 1011 humo.

177 1033 305 1109 Quoque
319 1033 387 1093 loco
403 1041 449 1093 esl
463 1034 542 1106 vitis,
558 1034 597 1093 de
612 1035 734 1108 palmite
747 1049 867 1109 gemma
882 1043 1044 1100 moveturz

214 1117 289 1176 llam
304 1118 412 1191 procul
427 1133 445 1175 a
461 1117 565 1178 Getico
580 1118 668 1177 litore
681 1116 751 1177 vitis
766 1117 862 1178 abest.

128 1215 160 1268 15
175 1199 304 1274 Quoque
318 1201 387 1260 loco
403 1205 451 1260 est
464 1198 563 1274 arbor,
578 1201 724 1275 turgescit
737 1199 768 1259 in
783 1201 893 1263 arbore
907 1217 1032 1265 ramus=

217 1283 291 1342 Nam
306 1285 446 1357 procula
462 1283 573 1342 Geticis
588 1283 700 1343 linibus
716 1283 807 1344 arbor
821 1285 917 1344 abest.

175 1364 241 1426 Otia
258 1380 338 1425 nunc
352 1364 430 1440 istic,
445 1367 615 1440 iunctisque
630 1382 669 1424 ex
684 1367 790 1426 ordine
804 1368 883 1428 ludis

217 1448 333 1509 cedunt
345 1448 469 1507 verbosi
482 1452 604 1522 garrula
617 1449 695 1508 bella
710 1449 776 1508 lori.

173 1533 274 1591 Lusus
289 1532 377 1605 equis
393 1546 474 1591 nunc
487 1537 543 1604 est,
558 1531 676 1590 levibus
691 1547 771 1591 nunc
785 1531 897 1592 luditur
911 1532 1022 1595 umis:

125 1631 160 1682 20
215 1614 301 1673 Nune
316 1612 386 1688 pila,
401 1629 482 1673 nunc
497 1613 587 1686 celeri
601 1614 732 1675 volvitur
746 1615 821 1674 orbe
834 1614 976 1677 trochus=

173 1696 260 1757 Nunc
273 1697 325 1755 ubi
340 1697 465 1770 perlusa
480 1703 527 1756 est
541 1698 609 1757 oleo
624 1698 743 1758 labente
759 1699 908 1773 iuventus,

214 1780 362 1839 Defessus
378 1785 461 1839 artus
475 1776 601 1853 Virgine
615 1781 722 1854 tinguit
737 1797 826 1855 aqua.

174 1861 275 1922 Saena
293 1862 383 1936 viget
398 1862 568 1936 studiisque
583 1863 671 1923 lavor
685 1863 866 1924 distantibus
882 1863 980 1947 ardet

217 1946 352 2020 Cumque
366 1945 462 2005 tribus
476 1952 621 2006 resonant
635 1953 721 2005 terna
736 1946 853 2007 theatra
868 1947 954 2007 loris.

123 2044 158 2097 25
175 2026 198 2087 Ο
214 2034 328 2103 quater,
345 2044 363 2087 o
380 2028 521 2103 quellens
536 2044 597 2088 non
612 2035 659 2088 est
674 2045 840 2103 numerare,
857 2030 988 2104 beatum,

216 2111 283 2171 Non
298 2110 455 2170 interdicta
469 2111 518 2169 eui
532 2112 601 2171 licet
613 2111 696 2172 Urbe
710 2114 783 2172 lrui!

172 2193 214 2251 nt
226 2193 298 2251 mihi
314 2191 441 2252 sentitur
455 2193 507 2251 nix
521 2208 617 2254 verno
633 2196 699 2254 sole
714 2197 823 2269 soluta,

214 2274 359 2349 Quaeque
372 2277 441 2335 lacu
456 2276 532 2335 duro
551 2291 610 2336 non
625 2277 780 2338 fodiuntur
794 2292 908 2352 aquae=

171 2357 233 2418 Nec
247 2372 331 2417 mare
346 2357 515 2418 concrescit
529 2360 634 2434 glacie,
649 2374 706 2418 nec
720 2367 753 2420 ut
767 2367 844 2434 ante,
860 2376 916 2434 per
929 2363 1068 2425 Histrum

123 2445 158 2498 30
214 2440 347 2500 Stridula
362 2439 557 2500 Sauromates
572 2443 709 2515 plaustra
722 2443 872 2504 bubulcus
887 2445 958 2519 agit.

171 2521 319 2596 Incipient
333 2522 454 2597 aliquae
468 2530 566 2583 tamen
582 2523 641 2583 huc
656 2525 769 2584 adnare
783 2525 913 2600 carinae,

212 2606 403 2680 Hospitaque
418 2606 448 2663 in
462 2605 547 2666 Ponti
561 2607 648 2667 litore
662 2608 775 2682 puppis
790 2608 857 2668 erit.

172 2687 303 2748 Sedulus
319 2700 475 2748 occurram
491 2694 608 2764 nautae,
624 2690 766 2766 dictaque
785 2692 890 2763 salute,

214 2769 292 2844 Quid
306 2771 416 2843 veniat
434 2787 586 2846 quaeram,
603 2774 713 2849 quisve
734 2772 885 2849 quibusve
899 2775 988 2835 locis.

119 2861 154 2916 35
168 2853 222 2912 ille
237 2853 368 2928 quidem,
384 2855 491 2914 mirum
506 2855 536 2914 ni
550 2855 590 2914 de
603 2856 730 2929 regione
743 2857 918 2932 propinqua

212 2935 278 2996 Non
292 2936 352 3017 nisi
366 2936 481 2997 vicinas
496 2944 578 2998 tutus
599 2939 689 2998 ararit
703 2954 809 3014 aquas.

169 3019 269 3078 Rarus
285 3019 323 3077 ab
337 3019 423 3079 ltalia
436 3026 550 3081 tantum
563 3036 647 3080 mare
662 3022 764 3082 navita
777 3019 893 3094 transit,

207 3099 310 3161 Litora
322 3117 410 3162 rarus
424 3101 455 3161 in
468 3103 544 3163 haec
558 3103 707 3177 portubus
722 3104 798 3164 orba
810 3105 902 3162 venit.

170 3181 242 3242 Sive
256 3189 355 3243 umen
372 3186 488 3245 Graeca
502 3187 611 3260 scierit,
628 3187 694 3246 siva
707 3185 757 3246 ille
770 3185 878 3247 Latina

120 3272 155 3326 lo
208 3267 294 3326 Voce
309 3268 403 3342 loqui,
418 3276 499 3329 certe
513 3270 626 3343 gratior
639 3285 715 3330 usus
730 3269 795 3330 erit

166 3349 225 3409 lias
241 3365 366 3425 quoque
380 3351 418 3410 ab
433 3365 487 3411 ore
501 3352 569 3412 freti
584 3354 755 3428 longaeque
768 3349 975 3429 Propontidos
989 3351 1080 3414 undis

206 3433 272 3491 Huc
287 3434 418 3507 aliquem
434 3440 515 3493 certo
530 3434 598 3494 vela
613 3434 739 3495 dedisse
753 3442 834 3496 noto.
