2318 3960
98 239 156 303 166
436 254 443 274 ¹
487 235 546 295 EX
565 233 712 295 PONTO

130 403 164 454 10
221 389 391 466 Quamlibet
404 388 532 449 invitum
547 385 764 463 difficilemque
778 391 891 446 tenent

178 475 250 550 Nos,
275 474 385 549 quibus
400 473 554 548 ingenium
567 470 651 546 longi
666 472 801 531 minuere
815 467 950 534 labores.

217 558 383 619 Aureliam
397 557 512 617 nullum
526 555 654 615 forsitan
668 561 737 615 ante
752 554 815 629 iuil,

146 665 151 676 ·
178 643 304 702 Viribus
318 641 438 712 infirmi,
461 647 565 700 vestro
582 639 717 699 candore
730 638 886 700 valemus:

222 726 317 800 Quem
332 724 405 784 mihi
420 725 446 784 si
462 724 578 797 demas,
602 723 703 783 omnia
717 728 806 798 rapta
822 728 935 799 putem.

131 820 164 872 15
180 810 354 884 Cunctaque
370 824 438 867 eum
452 823 521 868 mea
536 807 597 866 sint
610 822 768 882 propenso
784 807 856 866 nixa
872 806 988 882 lavore,

219 893 420 969 Praecipuum
433 891 542 952 veniae
556 891 604 950 ius
619 890 712 950 habet
726 891 776 950 ille
791 891 878 951 liber.

181 977 356 1053 Spectatum
369 983 456 1036 vates
472 975 522 1035 alii
537 974 690 1050 scripsere
704 975 899 1051 triumphum.

218 1061 273 1120 Est
288 1060 401 1136 aliquid
417 1059 544 1120 memori
559 1059 627 1118 visa
640 1065 746 1118 notare
760 1075 862 1119 manu.
948 1064 953 1072 '

179 1145 242 1205 Nes
257 1161 294 1206 ea
307 1146 360 1204 vix
374 1144 496 1204 avidam
512 1144 605 1217 vulgo
621 1149 740 1218 captata
754 1159 811 1218 per
825 1158 929 1204 aurem

129 1237 165 1290 20
221 1228 417 1304 Scripsimus,
442 1234 534 1302 atque
549 1227 629 1287 oculi
644 1227 725 1287 lama
739 1228 825 1288 tuere
839 1227 909 1287 mei.

180 1312 302 1372 Scilicet
317 1311 445 1373 affectus
461 1311 585 1385 similes,
608 1318 661 1371 aut
674 1312 807 1387 impetus
821 1311 903 1371 idem

219 1397 322 1458 Rebus
344 1396 381 1456 ab
397 1395 508 1455 auditis
524 1395 764 1471 conspicuisque
778 1395 882 1456 veniit

178 1480 241 1540 Nec
256 1481 336 1541 nitor
351 1481 475 1555 argenti,
500 1494 591 1554 quem
606 1494 664 1539 vos
681 1479 813 1553 vidistis,
836 1484 866 1538 et
880 1479 946 1539 auri

222 1563 310 1637 Quod
325 1563 397 1621 mihi
413 1563 550 1636 deluerit,
573 1579 771 1638 purpuraque
785 1563 845 1637 illa,
870 1577 982 1639 queror

128 1654 163 1708 ab
178 1647 241 1707 Sed
257 1649 333 1722 loca,
356 1648 413 1707 sed
427 1653 533 1721 gentes
549 1647 697 1707 formatae
710 1647 793 1708 mille
807 1646 915 1722 figuris

222 1731 393 1790 Nutrissent
408 1746 530 1790 carmen
545 1732 725 1807 proeliaque
739 1731 810 1806 ipsa
819 1745 930 1807 meum,

179 1815 217 1874 El
230 1830 335 1889 regum
348 1815 459 1889 vultus,
483 1814 652 1874 certissima
666 1815 797 1890 pignora
810 1814 930 1890 mentis,

220 1898 373 1958 lavissent
392 1897 494 1971 aliqua
508 1898 636 1959 forsitan
651 1898 726 1957 illud
742 1913 831 1973 opus.

179 1981 339 2042 Plausibus
355 1997 393 2040 ex
408 1981 484 2056 ipsis
499 1983 605 2057 populi
620 1983 762 2058 laetoque
776 1983 883 2042 favore

131 2066 167 2120 30
222 2065 380 2140 Ingenium
396 2065 528 2141 quodvis
543 2065 709 2125 incaluisse
723 2071 835 2141 potest.

179 2151 314 2225 Tamque
328 2164 386 2226 ego
403 2150 606 2224 sumpsissem
621 2149 672 2208 tali
688 2150 821 2209 elamore
837 2149 985 2226 vigorem,

223 2234 316 2306 Quam
333 2233 419 2293 rudis
435 2234 538 2294 audita
552 2233 639 2292 miles
655 2234 695 2293 ad
710 2249 794 2293 arma
808 2235 890 2294 tuba.

180 2318 308 2376 Pectora
326 2317 387 2376 sint
402 2317 491 2376 nobis
506 2316 627 2378 nivibus
643 2318 803 2394 glacieque
818 2317 922 2379 licebit

221 2401 324 2474 Atque
338 2400 407 2474 hoc,
432 2417 523 2477 quem
538 2401 646 2476 patior,
669 2401 827 2476 frigidiora
840 2403 926 2463 loco:

131 2491 165 2543 35
181 2485 234 2544 Illa
250 2483 338 2544 ducis
354 2485 449 2545 iacies
464 2486 495 2544 in
510 2502 599 2544 curru
614 2486 722 2546 stantis
738 2485 855 2546 eburno

220 2568 384 2629 Excuteret
398 2569 494 2644 frigus
510 2569 653 2629 sensibus
669 2585 760 2630 omne
775 2571 862 2630 meis.
1060 2644 1063 2649 Ι

179 2653 234 2711 His
250 2667 308 2725 ego
327 2652 474 2726 deiectus,
497 2652 662 2728 dubiisque
677 2654 853 2715 auctoribus
867 2668 954 2727 3333,

221 2736 272 2795 Ad
286 2736 380 2796 vestri
395 2736 486 2796 venio
501 2736 566 2795 iure
581 2737 695 2797 favoris
712 2754 812 2815 opem.

180 2821 242 2880 Nec
256 2819 329 2879 mihi
345 2826 417 2880 nota
430 2820 551 2895 dueum,
573 2836 630 2880 nec
646 2828 715 2882 sunt
728 2823 801 2882 mihi
815 2829 889 2883 nota
901 2821 1041 2883 locorum

131 2908 167 2962 40
220 2904 357 2964 Nomina.
391 2903 548 2964 materiam
562 2921 624 2965 non
641 2904 776 2966 habuere
791 2923 911 2967 manus.

179 2988 252 3047 Pars
273 2992 366 3061 quola
381 2987 420 3047 de
435 2988 525 3048 tantis
540 2988 641 3062 rebus,
666 3004 756 3064 quam
772 2991 853 3051 fama
867 2989 991 3065 reterre,

220 3074 281 3131 Aut
296 3071 407 3147 aliquis
422 3070 512 3132 nobis
527 3072 662 3132 seribere
676 3070 799 3148 posset,
821 3080 908 3135 eratt

181 3157 245 3228 Quo
260 3156 369 3231 magis,
392 3156 529 3231 elector,
553 3155 649 3216 debes
667 3155 839 3231 ignoscere,
862 3157 889 3218 si
905 3155 980 3233 quid

220 3238 357 3298 Erratum
373 3239 495 3299 estillic
509 3241 746 3316 praeteritumve
760 3241 843 3301 mihi.

130 3331 165 3386 45
180 3321 271 3381 Adde
287 3323 369 3395 quod
384 3323 528 3385 assiduas
543 3324 658 3385 domini
673 3325 817 3386 meditata
832 3323 985 3402 querellas

220 3405 270 3464 Ad
284 3404 394 3467 laetum
411 3423 533 3468 carmen
547 3407 601 3468 vix
614 3423 682 3468 mea
698 3424 788 3469 versa
801 3410 870 3486 lyra
885 3414 942 3470 est.

180 3491 241 3550 Vix
254 3487 336 3549 bona
350 3497 422 3566 post
437 3497 519 3552 lanto
535 3493 692 3568 quaerenti
707 3493 802 3554 verba
817 3490 976 3554 subibantr
