2318 3960
381 222 437 295 lll,
458 217 493 296 l,
516 217 636 294 86-5,
657 218 708 282 44.
730 212 733 218 ’
996 220 1055 285 169

117 373 270 450 legimus,
294 389 312 433 o
329 370 458 445 invenie,
480 373 567 448 patrii
582 389 644 433 non
660 373 795 447 degener
809 372 880 445 oris,

157 458 245 518 Dicta
259 455 312 515 tibi
327 456 419 530 pleno
437 455 530 516 verba
540 451 660 517 'diserta
674 458 751 518 loro.

116 541 200 615 Quae
216 555 400 616 quamquam
412 539 515 613 lingua
525 541 597 600 mihi
613 547 682 600 sunt
693 545 880 616 properante
894 554 950 615 per
960 539 1053 601 horas

75 635 110 688 10
161 624 253 683 Lecta
267 623 343 684 satis
357 622 477 697 multas,
499 639 599 698 pauca
613 624 716 684 luisse·
727 639 848 698 queror.

117 707 208 767 Plura
222 706 280 768 sed
293 706 371 766 haec
386 705 444 764 ieci
459 707 624 781 relegendo
641 723 745 783 saepe.
779 723 836 766 nee
850 722 993 780 umquam

160 790 228 850 Non
242 790 325 863 mihi,
350 805 442 865 quam
457 790 564 864 primo,
587 798 673 866 grata
688 791 773 851 luere
786 789 894 864 magis.

118 874 254 948 Cumque
269 872 343 934 nihil
356 872 467 933 totiens
482 874 592 934 lectae
607 873 770 935 dulcedine
785 873 922 949 perdant,

157 956 283 1018 Viribus
298 956 350 1015 illa
364 956 438 1030 suis,
461 972 522 1016 non
537 958 681 1030 novitate,
706 959 835 1032 placent.

73 1047 107 1098 15
117 1040 245 1114 Felices,
267 1039 379 1116 quibus
392 1039 470 1098 haec
484 1040 553 1114 ipso
570 1056 759 1116 cognoscere
772 1042 802 1100 in
817 1047 894 1113 actu,

156 1124 194 1184 Et
208 1131 270 1184 tam
286 1122 418 1183 facundo
435 1125 561 1198 contigit
575 1140 629 1184 ore
644 1124 716 1184 fruit

115 1208 191 1268 Nam
208 1222 394 1283 quamquam
409 1222 504 1283 sapor
518 1214 566 1268 est
579 1207 680 1268 adlata
695 1208 793 1267 dulcis
808 1207 838 1266 in
854 1205 945 1281 unda,

159 1290 280 1351 Gratius
296 1307 335 1351 ex
349 1291 419 1365 ipso
434 1291 518 1351 lonte
532 1290 677 1351 bibuntur
691 1306 799 1365 aquae.

117 1374 154 1433 Et
169 1373 266 1449 magis
282 1373 415 1437 adducto
432 1390 556 1449 pomum
570 1375 736 1450 decerpere
750 1389 845 1446 ramo,

71 1464 107 1516 20
160 1457 255 1531 Quam
270 1458 309 1517 de
324 1458 442 1518 caelata
456 1473 577 1518 sumere
591 1460 679 1518 lance
693 1458 785 1518 iuvat.

114 1542 156 1601 At
170 1540 228 1600 nisi
243 1557 433 1617 peccassem,
457 1542 516 1602 nisi
531 1558 580 1601 me
595 1557 662 1601 mea
675 1541 765 1602 Musa
779 1542 924 1616 fugasset,

156 1624 244 1698 Quod
258 1625 329 1701 legi,
350 1631 403 1685 tua
417 1640 479 1685 vox
494 1625 686 1686 exhibuisset
702 1641 790 1701 opus.

114 1709 215 1783 thue
230 1706 273 1767 lui
290 1709 409 1781 solituS,
433 1709 586 1769 sedissem
601 1708 728 1769 forsitan
744 1723 823 1768 unus

155 1791 200 1850 De
216 1798 336 1855 centum
352 1792 446 1852 iudex
460 1792 490 1851 in
505 1799 558 1853 tua
571 1792 667 1852 verba
680 1792 771 1852 viris=

62 1882 98 1934 25
113 1874 212 1936 Maior
227 1881 257 1934 et
269 1876 428 1950 implesset
443 1876 624 1951 praecordia
638 1881 743 1935 nostra
757 1875 908 1949 voluptas

156 1958 230 2019 Cum
244 1959 381 2019 traherer
396 1959 484 2019 dictis
500 1961 727 2033 adnueremque
740 1958 810 2018 tuis.

115 2041 210 2115 Quem
225 2042 369 2116 quoniam
384 2042 477 2101 latum
491 2042 581 2103 vobis
596 2040 756 2116 patriaque
771 2041 883 2100 relictis

71 2141 73 2146 ’
154 2127 235 2184 inter
248 2124 430 2186 inhumanos
444 2125 549 2186 maluit
565 2141 637 2185 esse
652 2125 753 2196 Getas,

115 2208 204 2283 Quod
217 2208 297 2284 licet,
319 2216 353 2269 ut
368 2209 475 2269 videar
488 2215 588 2268 tecum
603 2208 701 2282 magis
716 2221 788 2266 esse
802 2207 942 2283 legendo,

62 2302 98 2356 30
155 2290 265 2367 Saepe,
290 2307 414 2368 precor,
438 2293 530 2352 studii
546 2293 674 2368 pignora
688 2291 770 2351 mitte
785 2291 843 2350 tui=

113 2375 328 2451 Exemploque
342 2391 420 2448 meo,
444 2376 503 2436 nisi
520 2375 694 2451 dedignaris
709 2375 740 2434 id
755 2374 864 2449 ipsum,

153 2460 254 2535 Utere,
277 2459 361 2535 quod
375 2458 464 2519 nobis
480 2460 593 2521 rectius
608 2460 676 2534 ipse
691 2459 792 2518 dares.

112 2542 249 2618 Namque
263 2557 331 2618 ego,
356 2543 408 2619 qui
424 2543 500 2619 perii
517 2543 725 2618 iampridem,
743 2541 884 2617 Maxime,
906 2540 1004 2615 voois,

154 2625 279 2701 Ingenio
293 2627 373 2688 nitor
386 2639 448 2687 non
464 2627 594 2701 periisse
607 2641 687 2685 meo.

68 2719 104 2773 35
114 2710 223 2770 Redde
238 2710 344 2784 vicem,
368 2726 425 2770 nec
439 2726 508 2769 rara
522 2711 563 2769 tui
574 2709 758 2769 monimenta
772 2708 887 2768 laboris

157 2794 319 2869 Accipient
333 2800 465 2864 nostrae,
488 2793 695 2868 gratantum,
720 2807 837 2851 manus.

112 2876 168 2937 Die
182 2883 293 2951 tamen,
316 2892 333 2939 o
349 2876 469 2937 iuvenis
485 2877 655 2937 studiorum
670 2877 760 2950 plene
774 2890 919 2949 meomm,

151 2960 271 3033 Ecquid
287 2959 325 3020 ab
341 2960 389 3021 his
405 2960 482 3036 ipsis
497 2960 683 3019 admoneare
698 2959 766 3019 mei.

112 3042 241 3118 Ecquid,
262 3042 313 3103 ubi
328 3051 380 3106 aut
393 3044 503 3104 recitas
519 3043 630 3104 lactum
645 3042 737 3104 modo
753 3056 875 3101 carmen
890 3039 1004 3115 amicis,

67 3140 104 3190 lu
154 3128 225 3200 Aut,
247 3128 331 3201 quod
345 3143 440 3203 saepe
454 3130 547 3202 soles,
571 3126 668 3200 exigis
684 3132 717 3186 ut
730 3124 865 3198 recitent,

111 3210 266 3271 interdum
282 3211 418 3286 queritur
430 3218 483 3272 tua
496 3225 591 3283 mens,
614 3208 707 3292 oblita
722 3209 796 3283 quid
811 3206 898 3282 absit,
927 3274 929 3279 ,

152 3293 264 3354 Nescio
281 3293 355 3369 quid
370 3301 452 3356 certe
466 3294 557 3354 sentit
572 3293 683 3352 abesse
697 3292 766 3352 suit

113 3376 213 3453 thue
227 3377 311 3452 loqui
327 3378 429 3438 deme
443 3378 569 3438 multum
584 3381 746 3451 praesente
760 3373 893 3449 solebas,

153 3460 241 3521 Nunc
255 3475 379 3536 quoque
393 3461 524 3523 Nasonis
539 3475 651 3521 nomen
664 3459 696 3521 in
712 3474 765 3520 ore
779 3466 830 3520 tuo
846 3464 913 3517 estu
