2318 3960
98 187 160 250 252
477 185 731 248 FASTORUM

181 339 294 399 Deliuit
308 339 422 399 incerto
440 339 601 414 lapidosus
616 355 768 399 murmure
781 340 881 399 rivus=

223 423 341 498 Saepe,
363 423 420 483 sed
434 423 552 498 exiguis
566 422 726 483 haustibus
742 422 813 481 inde
828 421 900 482 bibi.

112 513 164 568 275
178 505 288 581 Egeria
303 513 365 580 est,
381 523 460 582 quae
474 505 602 582 praebet
618 523 724 581 aquas,
742 507 801 565 dea
815 513 901 580 grata
916 504 1067 568 Camenis.

221 590 276 650 llla
289 591 405 651 Numae
421 590 554 650 coniunx
570 588 795 664 consiliumque
810 589 873 649 luit.

179 673 332 748 Principio
347 673 472 733 nimium
486 680 647 748 promptos
662 673 702 733 ad
714 672 796 733 bella
811 672 935 746 Quiritis

220 756 330 815 Molliri
346 756 461 831 placuit
475 758 540 815 iure
555 757 707 831 deumque
722 764 813 817 metu.

179 840 254 899 lnde
274 839 364 899 datae
383 840 483 914 leges,
506 855 545 898 ne
560 840 676 899 firmior
690 840 792 899 omnia
806 846 931 914 posset:

109 928 161 983 280
216 923 393 998 coeptaque
408 929 479 983 sunt
492 940 570 998 pure
584 924 694 982 tradita
709 938 799 982 sacra
814 923 883 981 ooli.
992 983 994 986 .

177 1006 305 1066 Exuitur
319 1006 432 1080 feritas,
454 1007 607 1080 armisque
621 1007 776 1081 potentius
792 1022 925 1080 aequum
940 1013 996 1082 est,

217 1089 256 1149 Et
271 1105 338 1149 cum
354 1090 421 1149 cive
435 1090 531 1165 pudet
545 1089 742 1149 conseruisse
756 1106 875 1149 manus.

177 1174 279 1247 Atque
293 1174 413 1247 aliquis,
434 1173 527 1233 modo
545 1180 621 1245 trux,
644 1173 711 1232 visa
725 1173 784 1232 iam
800 1173 926 1232 vertitur
939 1188 1001 1247 ara,

215 1257 357 1331 Vinaque
373 1258 424 1316 dat
440 1258 553 1332 tepidis
569 1259 713 1330 salsaque
728 1256 810 1316 tarra
824 1256 911 1316 focis.

112 1344 162 1399 aaa
177 1340 257 1400 Ecce
272 1341 364 1399 deum
378 1341 497 1414 genitor
511 1341 617 1400 rutilas
632 1356 688 1415 per
701 1338 805 1399 nubila
820 1339 959 1399 flammas

219 1423 350 1499 Spargit,
365 1431 395 1483 et
410 1423 517 1484 effusis
533 1425 657 1483 aethera
672 1423 768 1483 siccat
783 1424 881 1499 aquis.

177 1507 243 1566 Nou
259 1507 335 1566 alias
349 1507 436 1568 missi
452 1509 591 1567 cecidere
606 1508 794 1582 frequentius
809 1509 905 1581 ignes.

218 1592 285 1649 Rex
301 1597 400 1666 pavet,
422 1597 451 1649 et
466 1592 549 1666 volgi
564 1599 690 1666 pectora
704 1597 802 1650 terror
815 1590 917 1649 habet.

178 1673 230 1733 Cui
247 1675 305 1733 dea
321 1673 376 1732 ‘Ne
391 1673 514 1743 nimium
530 1680 657 1733 terrere!
681 1675 795 1748 piabile
811 1675 923 1734 tulmen

109 1762 160 1816 290
216 1756 282 1816 Est’
298 1756 339 1815 ait
352 1760 396 1818 ‘et
410 1757 496 1817 saevi
511 1757 642 1817 ilectitur
657 1757 703 1816 ira
716 1759 810 1816 lovis.

178 1840 239 1900 Sed
255 1847 396 1914 poterunt
409 1842 497 1901 ritum
511 1840 599 1901 Picus
613 1841 797 1916 Faunusque
813 1841 917 1914 piandi

216 1924 363 1998 Tradere,
386 1925 514 1985 Romani
529 1941 640 1985 numen
655 1931 817 1999 utrumque
832 1924 900 1983 soli.
942 1957 944 1962 ·

175 2008 237 2066 Nec
252 2007 319 2066 sine
333 2009 363 2067 vi
377 2010 506 2069 tradent.
535 2009 678 2068 adhibeto
695 2009 817 2067 vincula
833 2008 954 2082 captis!

215 2091 318 2165 Atque
332 2091 381 2163 ita,
399 2107 461 2165 qua
475 2092 604 2166 possint,
620 2092 726 2161 erudit,
743 2098 808 2150 arte
823 2091 901 2166 capi.

109 2184 160 2238 295
174 2173 277 2234 Lucus
289 2173 440 2236 Aventino
456 2175 580 2235 suberat
595 2175 680 2248 niger
694 2175 771 2234 ilicis
787 2175 903 2248 umbra,

216 2258 281 2332 Quo
298 2272 409 2331 posses
423 2258 494 2319 viso
508 2258 612 2318 dicere
628 2263 750 2317 ‘numen
768 2259 881 2317 inestt'

175 2341 208 2400 ln
224 2341 325 2400 medio
341 2356 474 2415 gramen,
497 2357 667 2417 muscoque
681 2343 830 2417 adoperta
845 2343 953 2402 virenti

177 2424 179 2427 ’
217 2424 360 2483 Manabat
375 2440 452 2484 saxo
468 2439 548 2484 vena
562 2427 705 2500 perennis
721 2440 831 2500 aquae.

175 2509 250 2566 lnde
265 2507 328 2566 iere
343 2508 401 2567 soli
415 2507 538 2569 Faunus
552 2508 704 2584 Picusque
717 2507 871 2568 bibebant.

106 2600 158 2652 300
212 2592 280 2651 Huc
295 2592 384 2667 venit,
406 2600 436 2652 et
451 2593 525 2652 lenti
538 2608 593 2651 rex
606 2592 704 2652 Numa
717 2598 829 2652 mactat
848 2607 953 2652 ovem:

173 2675 328 2758 Plenaque
344 2677 463 2736 odorati
478 2676 614 2751 disponit
627 2676 740 2751 pocula
751 2675 870 2748 bacchi,

217 2758 352 2832 Cumque
367 2760 432 2820 suis
447 2766 534 2819 antro
550 2761 691 2820 conditus
706 2760 775 2834 ipse
788 2762 868 2819 latet.

174 2842 223 2901 Ad
242 2843 350 2902 solitos
366 2843 489 2903 veniunt
504 2843 656 2903 silvestria
669 2845 793 2903 numina
808 2843 917 2916 fontes,

211 2926 249 2985 Et
262 2928 399 2986 relevant
413 2928 506 2986 multo
522 2934 648 3002 pectora
665 2927 748 2986 sicca
762 2942 857 2986 mero.

107 3016 158 3072 305
177 3011 253 3069 Vina
267 3008 354 3085 quies
370 3011 515 3085 sequitur.
545 3012 646 3086 gelido
662 3010 759 3070 Numa
775 3010 876 3086 prodit
890 3011 928 3071 ab
943 3019 1039 3089 antro,

215 3094 388 3170 Vinclaque
405 3095 524 3170 sopitas
540 3095 625 3155 addit
640 3087 669 3154 in'
686 3101 882 3154 adamanus.

175 3177 306 3238 Somnus
321 3185 354 3238 ut
368 3178 528 3252 abscessit,
551 3180 716 3254 pugnando
732 3179 855 3238 vincula
869 3185 1017 3255 temptant

214 3262 376 3336 Rumpere.
405 3268 575 3338 pugnantes
591 3263 698 3323 lortius
714 3262 765 3322 illa
779 3268 891 3322 tenent.

173 3345 256 3404 Tunc
269 3345 381 3405 Numaz
403 3347 452 3406 ‘Di
467 3362 634 3421 nemorum,
650 3347 737 3407 iactis
753 3346 903 3421 ignoscite
917 3347 1039 3410 nostris.

104 3435 155 3488 ³10
213 3427 244 3486 Si
260 3429 363 3488 scelus
379 3429 500 3504 iugenio
519 3429 603 3491 scitis
619 3431 731 3491 abesse
745 3445 824 3490 meo.
