2318 3960
99 215 158 280 aaa
476 214 730 276 unsroauu
796 175 801 183 ’

222 368 360 428 Cnmrina
373 367 493 428 mortali
506 381 568 426 non
583 367 744 426 referenda
758 381 846 443 sono,

179 452 275 527 Inque
290 453 359 512 loco
375 466 488 526 corpus
505 451 591 525 pueri
605 449 726 510 vivente
741 450 844 511 favilla

222 535 342 607 Obruit,
358 535 522 595 humanum
537 539 645 609 purget
658 539 692 593 ut
705 534 782 608 ignis
798 550 887 596 onus.

113 626 165 680 555
179 618 337 679 Excutitur
351 633 460 679 somno
476 618 565 678 stulte
581 616 632 691 pia
646 623 756 687 mater,
773 623 803 678 et
816 633 921 679 amens

220 702 313 776 ‘Quid
328 701 436 762 lacist’
460 700 625 772 exclamat,
647 699 844 776 membraque
858 702 897 761 ab
912 703 985 778 igne
998 703 1087 780 rapit.

179 785 233 845 Cui
249 787 307 845 dea
321 786 410 845 ‘Dum
425 799 487 844 non
502 788 560 859 es,’
580 783 657 843 dixit
669 785 833 845 ‘scelerata
846 786 943 846 fuisti:

219 869 312 929 Inrita
324 875 460 928 materno
475 874 547 928 sunt
560 883 628 926 mea
642 867 724 928 dona
737 875 828 929 melu.

178 951 240 1013 Iste
256 953 379 1027 quidem
394 949 530 1012 mortalis
546 951 610 1010 erit.
640 951 696 1011 sed
711 951 827 1026 primus
842 952 940 1014 arabit
1054 1022 1057 1027 .
1086 996 1088 998 -

115 1039 167 1095 550
220 1036 259 1096 Et
274 1043 356 1096 seret
370 1043 400 1096 et
414 1036 495 1096 culta
507 1034 644 1110 praemia
658 1035 743 1094 tollet
756 1034 873 1096 humo!

177 1119 274 1192 Dixit,
292 1127 322 1179 et
336 1119 497 1195 egrediens
513 1117 624 1177 nubem
637 1117 736 1190 trahit,
751 1119 844 1194 inque
861 1119 1013 1181 dracones

219 1203 352 1276 Transit,
376 1211 405 1262 el
419 1202 525 1263 alifero
539 1202 652 1262 tollitur
665 1217 724 1260 axe
740 1201 841 1262 Ceres.
968 1278 972 1282 ῃ

179 1286 295 1346 Sunion
312 1286 487 1361 expositum
500 1285 670 1361 Piraeaque
684 1293 747 1345 tutu
761 1300 889 1348 recessu

219 1371 355 1446 Linquit,
379 1376 408 1429 et
422 1371 452 1428 in
467 1370 608 1430 dextrum
623 1383 702 1443 quae
717 1367 796 1428 iacet
809 1383 865 1430 ora
878 1370 969 1433 latus.

113 1459 165 1514 565
178 1453 256 1513 Hinc
273 1453 328 1513 init
339 1455 505 1528 Aegaeum,
528 1467 588 1527 quo
605 1452 756 1527 cycladas
770 1453 882 1529 aspicit
896 1470 1013 1531 omnes,

218 1537 398 1611 laniumque
412 1552 510 1612 rapax
522 1536 714 1611 Icariumque
727 1535 814 1610 legib

77 1689 80 1694 ,
177 1621 297 1695 Perque
311 1619 403 1680 urbes
418 1619 513 1680 Asiae
529 1620 651 1694 longum
667 1619 741 1695 petil
753 1619 994 1697 Hellespontum,

216 1703 439 1778 Diversumque
453 1702 531 1762 loeis
545 1703 606 1761 alta
620 1709 755 1779 pererrat
768 1703 833 1763 iter.

177 1787 253 1846 Nam
268 1786 361 1848 modo
375 1786 522 1861 turilegos
536 1786 672 1859 Arabas,
688 1787 781 1846 modo
797 1787 928 1864 despicit
942 1789 1046 1866 ludos,

111 1877 164 1933 570
218 1871 295 1930 Hinc
310 1869 421 1946 Libys,
443 1870 514 1930 hinc
527 1869 632 1929 Meroe
647 1871 792 1944 siccaque
805 1877 888 1932 terra
902 1872 1023 1935 subesta

177 1952 1106 2034 NuncaditHesperios,RhenumRhodanumquePadumque

218 2039 322 2112 Teque
336 2039 436 2098 lutare
451 2052 579 2112 parens,
593 2036 717 2121 Thybri,
733 2037 866 2112 potentis
880 2054 992 2114 aquae.

178 2121 243 2196 Quo
259 2121 361 2180 lerorl
381 2120 552 2180 inmensum
565 2128 614 2180 est
627 2127 744 2180 erratas
757 2121 860 2181 dicere
875 2128 983 2183 terras.

217 2203 402 2265 Praeteritus
418 2203 520 2265 cereri
536 2204 637 2264 nullus
651 2203 683 2262 iu
699 2202 774 2264 orbe
788 2205 885 2265 locus.

110 2293 162 2349 575
176 2288 264 2348 Errat
277 2294 307 2347 et
320 2286 351 2347 in
366 2288 467 2359 caelo,
489 2287 658 2362 liquidique
671 2287 805 2348 inmunia
819 2288 904 2364 ponti
929 2353 930 2356 Ἴ

217 2369 403 2445 Adloquitur
416 2369 519 2444 gelido
534 2370 675 2445 proxima
688 2370 777 2446 sigua
792 2372 874 2447 polo.

176 2453 389 2514 ‘Parrhasides
404 2453 546 2526 stellae,..
567 2469 700 2528 namque
716 2455 818 2514 omnia
831 2471 927 2517 nosse
946 2458 1086 2535 potestis,

216 2541 398 2613 Aequoreos
413 2553 578 2613 numquam
600 2553 667 2599 cum
682 2537 819 2598 subeatis
835 2555 963 2617 aquas...

174 2621 392 2696 Persephonen
407 2628 509 2682 natam
522 2621 653 2682 miserae
667 2627 834 2682 monstrate
848 2624 966 2699 parenti
973 2631 994 2683 t’

111 2713 165 2767 580
220 2706 355 2765 Dixerat.
383 2704 461 2765 Huic
475 2705 580 2764 Helice
594 2704 666 2764 talia
679 2704 775 2766 verba
788 2706 895 2767 refert.
957 2716 958 2721 ’

177 2789 320 2849 ‘crimine
334 2802 398 2848 nox
411 2803 509 2848 vacua
524 2795 581 2848 est.
611 2787 714 2849 Solem
729 2788 769 2848 de
783 2789 902 2865 virgine
915 2799 1003 2868 rapta

217 2871 363 2945 consule,
381 2872 432 2946 qui
445 2873 506 2933 late
520 2872 601 2931 lacta
615 2873 724 2950 diurna
738 2872 831 2933 videt.

176 2955 229 3017 Sol
244 2955 345 3016 aditus
360 2955 469 3028 ‘Quam
484 2955 628 3030 quaeris,’
647 2955 689 3016 ait
701 2959 753 3015 ‘ne
768 2972 847 3016 vana
860 2959 993 3033 labores,

217 3039 316 3114 Nupta
330 3039 414 3099 lovis
429 3038 513 3099 fratri
526 3038 615 3098 tertia
628 3054 723 3113 regna
737 3043 846 3100 teuetz’

109 3131 160 3186 585
175 3121 288 3196 Questu
302 3121 354 3182 diu
368 3137 473 3182 secum
489 3120 535 3183 sic
550 3129 600 3181 est
612 3122 714 3182 adlata
724 3122 899 3195 Tonantem,

213 3205 407 3280 Maximeque
422 3205 453 3264 in
467 3205 553 3265 voltu
566 3205 655 3280 signa
671 3205 802 3267 dolentis
817 3213 918 3266 erant·

175 3288 221 3349 ‘Si
237 3304 352 3349 memor
367 3305 417 3362 es,
441 3288 480 3348 de
496 3305 557 3364 quo
571 3288 644 3348 mihi
659 3288 698 3348 sit
711 3288 896 3366 Proserpina
909 3297 990 3363 nala,

215 3371 379 3432 Dimidium
393 3387 484 3432 curae
501 3371 593 3433 debet
607 3371 720 3432 habere
734 3378 814 3433 luae.
842 3384 849 3394 ⁸

176 3453 255 3516 Orbe
271 3461 427 3531 pererrato
444 3459 512 3516 sola
526 3463 574 3516 cst
587 3456 697 3516 iniuria
711 3456 782 3517 lacti
