2318 3960
98 211 160 278 820
476 210 730 272 Fnsrottuul

122 377 169 431 [σο
225 364 365 424 ‘Parcite
395 380 450 440 pro
465 379 563 439 parvo
578 363 700 422 victima
715 377 812 438 parva
826 362 916 423 cadit.

182 449 241 509 cor
256 463 311 522 pro
327 447 437 520 corde,
455 462 580 522 precor,
596 449 653 521 pro
670 446 761 512 libris,
771 447 889 528 sumite
899 445 1004 510 fibras.

223 531 309 591 lianc
323 530 454 591 animam
472 529 562 591 vobis
581 545 640 605 pro
653 529 778 589 meliore
793 530 926 592 damus)

182 616 233 676 Sic
247 615 299 675 ubi
316 614 435 688 libavit,
451 621 594 690 prosecta
609 603 669 674 soll
682 610 804 674 aethere
818 616 917 696 ponit,

224 697 342 773 Quique
356 697 454 758 assint
468 699 580 768 sacris,
597 698 752 773 re‘sp'icer'e
766 698 821 758 illa·
832 704 923 759 vetat.

121 794 168 848 165
183 782 340 856 virgaque
354 777 466 841 Ianalis
482 781 522 839 de
536 780 627 855 spina
640 781 762 856 ponitur
777 781 855 857 alba

224 866 290 938 Qua
303 867 404 924 lumen
418 863 558 923 thalamis
574 866 672 938 parva
688 865 821 924 fenestra
836 859 938 926 dabat.

146 965 156 989 1
180 949 255 1009 Post
267 949 341 1009 illud
356 962 412 1007 nec
427 963 502 1008 aves
518 962 613 1008 cunas
627 948 763 1008 violasse
779 949 923 1023 teruntur,

223 1033 260 1092 Et
274 1031 365 1091 rediit
379 1038 493 1106 puero,
510 1032 562 1107 qui
577 1029 632 1092 luit
646 1041 730 1106 ante,
745 1033 840 1094 color.
919 1094 923 1103 ,

182 1116 309 1190 Pinguia
323 1132 377 1175 cur
390 1115 450 1175 illis
465 1122 625 1190 gustentur
638 1115 724 1175 larda
737 1115 895 1194 Kalendis,

124 1209 171 1263 tto
226 1200 382 1275 Mixtaque
397 1215 465 1260 cum
481 1198 580 1258 calido
596 1198 636 1259 sit
650 1199 721 1258 laba
736 1197 829 1272 lame,
845 1202 960 1279 rog'ast

181 1283 285 1343 Prisca
299 1281 358 1342 dea
372 1290 433 1355 est,
450 1283 600 1357 aliturque
615 1281 692 1343 'cibis'
707 1283 819 1358 quibus
834 1283 905 1344 anto
922 1280 1049 1355 solebat,

224 1368 287 1427 Neo
301 1366 376 1442 petit
390 1367 502 1427 ascitas
518 1356 676 1427 luxuriosa
691 1367 798 1450 dapes.

182 1449 278 1511 Piscis
298 1449 400 1510 adhuc
415 1451 457 1509 illi
475 1451 591 1525 populo
607 1448 674 1532 sine
688 1451 797 1511 fraude
813 1446 944 1526 natabat,

227 1532 395 1607 Ostreaque
409 1535 439 1592 in
455 1533 580 1594 conchis
594 1540 658 1595 tuta
672 1535 758 1595 luere
772 1534 847 1594 suia.

123 1624 171 1679 175
185 1616 247 1677 Nec
261 1618 379 1676 Latium
395 1626 497 1693 norat,
514 1633 606 1692 quarn
625 1619 752 1693 praebet
770 1617 856 1678 Ionia
871 1616 970 1695 diveS,

225 1702 288 1760 Nec
303 1716 382 1776 quae
397 1700 551 1777 Pygmaeo
569 1703 719 1776 sanguine
733 1693 862 1776 gauilet,
877 1700 977 1763 avem.

182 1785 220 1846 Et
234 1791 355 1859 praeter
369 1785 478 1860 pinnas
494 1783 566 1845 nihil
581 1785 612 1844 in
628 1801 750 1860 pavone
764 1783 914 1861 placebat.

224 1869 287 1927 Nec
301 1869 391 1928 tellus
408 1875 514 1943 captas
530 1864 654 1929 miserat
668 1877 732 1930 arte
749 1870 840 1929 ieras.

184 1952 244 2013 Sus
260 1958 324 2012 erat
343 1953 372 2011 in
382 1952 495 2031 pretio.
525 1967 616 2013 caesa
630 1969 686 2013 sue
701 1954 779 2012 festa
795 1951 945 2013 colebant.

122 2051 172 2103 180
198 2084 203 2095 ,
227 2038 320 2095 Terra
336 2035 423 2095 iubas
440 2043 554 2096 tantum
570 2036 709 2111 duraque
723 2037 805 2096 farra
819 2034 921 2095 dabat

183 2123 266 2197 Quae
283 2119 344 2179 duo
360 2119 453 2179 mixta
468 2120 556 2180 simul
572 2121 668 2180 sextis
684 2119 869 2196 quicumque
881 2117 1028 2181 Kalendis

224 2202 344 2275 Ederit,
361 2202 431 2261 huic
446 2204 660 2263 laedliviscera
676 2219 773 2280 posse
788 2208 909 2278 negant

183 2290 264 2348 Arce
279 2301 403 2360 quoque
417 2287 447 2344 in
464 2303 583 2346 summa
598 2287 704 2348 lunoni
719 2288 832 2362 templa
845 2286 988 2347 Monetae

224 2370 272 2431 Ex
287 2376 358 2428 voto
376 2370 653 2445 memorantium,
669 2371 808 2445 Camillo,
824 2377 906 2431 tuo·
944 2446 946 2452 Ι

122 2467 172 2522 185
186 2458 267 2515 Ante
280 2454 389 2513 domus
404 2452 496 2512 lllanli
511 2454 625 2528 iuerat,
642 2455 693 2528 qui
709 2455 824 2514 Gallica
839 2450 995 2529 quondam

224 2538 253 2597 A
269 2536 437 2612 Capitolino
456 2537 588 2613 reppulit
602 2554 686 2598 arma
699 2540 781 2600 love.

185 2624 280 2696 Quom
293 2620 434 2694 bene‚,di
449 2622 565 2696 magnit
592 2638 696 2697 pugna
711 2619 873 2684 cecidisset
887 2623 917 2682 in
932 2623 993 2700 illa,

226 2707 378 2765 Delensor
391 2705 476 2779 solii,
491 2703 627 2779 luppiter
641 2706 715 2780 alte,
730 2706 787 2765 tui!

183 2789 283 2861 Vixit,
297 2795 331 2848 ut
346 2788 501 2847 occideret
517 2789 678 2850 damnatus
693 2789 818 2850 crimine'
837 2789 932 2867 regni.

122 2881 174 2938 190
229 2873 316 2930 Hunc
331 2871 373 2929 illi
388 2871 509 2951 titulum¹
520 2873 611 2947 longa
626 2880 750 2934 senecta
765 2874 866 2934 dabat.

184 2955 251 3016 Lux
267 2954 375 3013 eadem
388 2954 476 3014 Marti
490 2955 569 3015 testa
583 2964 644 3029 est,
661 2973 751 3033 quem
767 2951 915 3034 prospicit
929 2965 1015 3020 exoa

226 3038 413 3114 Appositum
427 3040 537 3099 Tectae
553 3049 641 3114 porta
656 3041 778 3117 Capena
792 3043 870 3102 vlae.

185 3123 226 3182 Te
242 3137 382 3197 quoque,
397 3122 590 3198 tempestas,
608 3125 743 3185 meritam
759 3125 886 3188 delubra
901 3128 1039 3201 latemur,

228 3205 301 3265 curn
316 3219 415 3280 paene
429 3211 477 3266 est
491 3205 594 3266 corsis
610 3208 717 3269 obruta
731 3209 841 3271 classis
856 3211 956 3286 aquis.

123 3294 174 3351 195
188 3287 270 3347 Haeo
284 3288 439 3349 hominum
453 3289 637 3351 monimenta
652 3296 763 3368 patent.
793 3293 826 3355 Si
840 3292 986 3370 quaeritis
1001 3299 1094 3369 astra,

227 3370 311 3431 lunc
326 3371 420 3432 oritur
434 3374 535 3450 magni
550 3390 683 3451 praepes
698 3377 817 3438 adunca
831 3377 924 3439 Iovis.
