2318 3960
435 214 485 292 Ill,
504 214 539 287 4,
561 212 696 278 10-85.

181 369 219 430 Et
233 368 369 446 gaudere
383 367 499 443 aliquid
512 384 563 428 res
577 367 649 427 mihi
666 370 733 430 visa
747 385 829 431 nava
843 375 900 432 est.

142 454 242 527 thue
255 451 455 513 reformidant
470 451 619 513 insuetum
634 453 749 513 lumina
763 454 868 527 selein,

94 551 133 604 se
186 536 236 597 Sic
252 538 292 597 ad
306 534 449 596 laetitiam
463 552 549 596 mens
564 552 633 595 mea
647 537 751 611 segnis
766 544 839 598 erat.

139 621 196 681 Est
212 635 336 696 queque
351 626 525 679 cunctarum
540 620 661 680 novitas
677 621 837 681 carissima
850 636 968 681 reruma

184 704 349 779 dratiaque
364 703 476 777 officie,
501 705 584 780 quod
598 720 685 763 inere
698 705 806 780 tardat,
828 704 925 765 abest.

120 811 124 814 ·
141 788 247 849 Cetera
262 787 397 848 certatim
412 787 451 846 de
466 802 576 863 magno
593 789 707 863 scripta
721 790 873 866 triumphe
891 802 892 806 ’

181 873 245 932 lam
260 871 379 946 pridem
394 872 500 945 pepuli
515 872 659 947 suspicor
674 888 727 932 cre
741 873 811 947 legi.

93 963 131 1016 5⁵
143 957 198 1015 Illa
212 954 288 1016 bibit
301 955 407 1014 sitiens
422 955 531 1031 lector,
551 971 619 1015 mea
634 956 745 1031 pocula
760 958 884 1031 plenus:

181 1041 237 1099 Ilia
250 1053 359 1099 recens
376 1046 448 1114 peta
463 1036 518 1113 est,
540 1047 646 1101 nestra
659 1040 774 1115 tepebit
788 1057 877 1116 aqua.

138 1123 206 1183 Non
221 1138 279 1198 ego
295 1123 426 1197 cessavi,
446 1138 503 1183 nec
519 1124 590 1184 fecit
603 1125 711 1183 inertia
726 1140 838 1186 serum.

179 1207 290 1268 Ultima
303 1223 352 1266 me
367 1207 446 1268 vasti
461 1207 591 1268 sustinet
606 1223 661 1268 ora
675 1208 752 1269 freti.

137 1291 216 1352 Dum
230 1291 315 1352 venit
327 1290 387 1351 huc
401 1306 512 1366 rumor,
535 1297 761 1368 properataque
776 1292 910 1362 earmina
924 1293 1008 1368 fiunt,

90 1379 129 1434 60
180 1374 336 1451 Factaque
351 1382 423 1436 eunt
437 1376 476 1435 ad
493 1392 559 1448 vna,
583 1392 680 1437 annus
699 1376 802 1437 abisse
820 1381 930 1451 potest.

138 1459 202 1518 Nec
216 1459 373 1520 minimum
386 1460 487 1533 refert,
511 1460 623 1521 intacta
636 1461 756 1521 rosaria
771 1458 895 1536 primus,

139 1537 143 1543 ’
179 1544 230 1603 An
246 1559 316 1604 sera
330 1559 441 1619 carpas
456 1559 557 1618 paene
571 1545 677 1620 relicta
690 1561 790 1605 manu.

141 1626 219 1700 Quid
234 1629 351 1702 mirum,
372 1629 459 1688 tectis
475 1628 626 1689 exhausto
645 1628 774 1689 floribus
788 1628 887 1701 berte,

180 1710 212 1770 Si
228 1712 306 1772 duce
321 1727 382 1772 non
398 1713 478 1772 facta
493 1719 541 1773 est
555 1714 647 1787 digna
664 1728 779 1773 corona
793 1719 873 1773 suo?

90 1797 126 1852 65
139 1795 303 1871 Deprecor,
326 1796 403 1856 haec
419 1805 519 1856 vaturn
536 1803 642 1857 contra
657 1813 714 1857 sua
729 1798 862 1857 carmina
876 1810 915 1856 ne
931 1794 999 1871 quis

170 1879 268 1939 vDicta
282 1885 376 1954 putet.
409 1896 465 1954 pro
481 1896 517 1942 se
529 1880 619 1941 Musa
632 1882 734 1941 locuta
747 1896 816 1940 mea
831 1887 887 1940 est.

140 1960 218 2023 Sunt
231 1962 304 2022 mihi
318 1963 480 2025 vobiscum
495 1965 667 2025 eommunia
681 1979 779 2038 sacra,
800 1972 920 2039 poetae,

178 2047 213 2105 In
227 2053 331 2107 vestre
347 2047 467 2109 miseris
482 2048 509 2107 si
523 2049 594 2108 lieet
608 2062 680 2110 esse
696 2047 801 2108 chore.

138 2128 311 2206 Magnaque
326 2147 399 2206 pars
415 2133 534 2192 animae
549 2146 668 2192 meeum
681 2130 811 2204 vixistis,
834 2131 938 2193 amici=

91 2214 128 2271 te
177 2213 243 2274 Hac
258 2230 316 2290 ege
332 2230 391 2275 ves
405 2215 519 2276 absens
533 2231 614 2277 nunc
630 2230 755 2291 quoque
767 2220 853 2290 parte
870 2216 948 2278 calc.

138 2294 205 2357 Sint
219 2298 309 2373 igitur
324 2306 426 2360 vestro
442 2315 510 2360 rnea
526 2300 738 2360 commendata
753 2299 851 2360 favori

93 2415 98 2425 ι
178 2381 326 2458 Carmina,
349 2398 411 2442 nen
426 2399 553 2458 possum
570 2400 627 2460 pro
644 2384 755 2460 quibus
770 2383 839 2458 ipse
854 2385 947 2461 loqui.

138 2461 259 2539 Scripta
273 2467 398 2541 placent
412 2483 430 2526 a
444 2469 629 2528 mertedere.
666 2468 740 2543 quia
753 2468 877 2528 laedere
890 2470 980 2530 vives

178 2547 271 2609 Livor
286 2555 315 2609 et
329 2548 442 2611 iniuste
458 2567 586 2626 carpere
600 2552 691 2612 dente
706 2553 794 2613 solet.

89 2633 124 2687 75
137 2629 170 2690 Si
184 2647 282 2706 genus
297 2640 344 2694 est
357 2636 464 2694 mertis
480 2635 560 2695 male
573 2636 687 2708 vivere,
707 2643 790 2695 terra
803 2644 946 2710 moratur,

177 2714 215 2775 Et
230 2718 343 2779 desunt
356 2719 425 2780 fatis
441 2720 509 2780 sela
524 2719 689 2793 sepulchra
702 2719 790 2778 meis.

134 2798 274 2875 Denique
290 2817 370 2876 opus
385 2809 510 2863 nostrae
526 2804 663 2878 culpetur
677 2810 709 2862 ut
722 2801 859 2875 undique
875 2819 974 2878 curae,

176 2881 317 2944 Officium
331 2901 420 2945 nerno
438 2887 488 2962 qui
502 2886 716 2961 reprehendat,
739 2885 803 2945 erit.

135 2964 174 3025 Ut
189 2967 289 3028 desint
303 2970 394 3043 vires
417 2977 518 3030 tamen
534 2977 581 3030 est
595 2969 748 3030 laudanda
762 2970 914 3030 voluntas.

90 3052 128 3106 So
176 3049 243 3111 Hac
258 3067 315 3126 ego
331 3060 492 3114 contentos
507 3069 641 3128 auguror
655 3068 727 3112 esse
742 3053 830 3112 dees.

134 3132 218 3193 Haec
233 3136 314 3211 facit,
336 3143 368 3197 ut
383 3139 485 3198 veniat
499 3154 617 3212 pauper
632 3151 757 3212 queque
771 3143 876 3210 gratus
892 3136 932 3197 ad
945 3152 1024 3214 aras,

174 3217 212 3277 Et
225 3219 346 3295 placeat
362 3236 453 3284 caeso
469 3238 531 3283 non
545 3221 645 3281 minus
661 3235 740 3294 agna
754 3221 844 3280 beve.

133 3301 197 3361 Res
213 3319 338 3379 queque
353 3312 434 3366 tante
450 3306 513 3380 fuit,
538 3311 669 3380 quantae
683 3303 854 3365 subsistere
870 3319 988 3366 summo

174 3386 333 3449 Aeneidos
347 3389 410 3451 vati
425 3390 542 3466 grande
557 3389 666 3448 suisset
681 3404 768 3449 onus.

88 3477 125 3532 85
136 3468 230 3530 Ferre
245 3471 334 3532 etiarn
350 3474 458 3535 molles
473 3473 551 3550 elegi
566 3480 627 3535 tarn
641 3478 731 3533 vasta
744 3473 888 3555 triumphi
