2318 3960
403 221 459 299 111,
478 221 515 298 3,
538 220 658 300 45-4,
681 223 711 285 9.

16 398 18 404 ·
125 374 210 435 Pone
224 381 323 436 metus
339 374 437 450 igitur.
467 375 607 436 mitescet
623 376 763 438 Caesaris
777 377 831 454 ira,

166 459 205 520 Et
218 459 322 519 veniet
337 460 416 519 votis
431 460 552 520 mollior
566 460 642 520 hora
656 461 726 520 tuis.

73 549 108 609 85
122 543 206 603 Neve
221 559 338 604 moram
352 543 476 618 timeas,
498 549 629 619 tempus,
653 545 737 620 quod
753 546 938 624 quaerimus,
961 547 1061 624 instat,

167 627 342 702 Cunctaque
358 627 492 687 lactitiae
506 629 597 704 plena
611 629 782 704 triumphus
797 629 898 690 habet.

123 713 201 771 Dum
215 711 326 773 domus
342 717 371 770 et
385 712 456 787 nati,
479 711 552 772 dum
566 719 663 772 mater
676 713 762 773 Livia
776 715 898 790 gaudet,

164 795 243 855 Dum
259 795 386 870 gaudes,
409 796 527 871 patriae
541 811 651 871 magne
666 796 817 873 ducisque
832 805 934 873 pater:

124 879 201 940 Dum
214 878 267 939 tibi
282 885 419 955 gratatur
433 881 577 955 populus,
600 886 757 956 totamque
772 898 828 957 per
841 881 954 944 Urbem
1015 893 1019 899 '

70 965 108 1021 90
164 961 269 1024 Omnis
285 963 422 1024 odoratis
438 963 559 1039 ignibus
575 980 628 1024 ara
642 966 729 1039 calet,

121 1046 200 1106 Dum
215 1047 322 1108 faciles
339 1048 438 1108 aditus
456 1048 585 1124 praebet
598 1048 774 1109 venerabile
789 1051 942 1127 templum,

164 1129 357 1206 Speraudum
373 1138 496 1193 nostras
510 1148 607 1208 posse
621 1134 725 1192 valere
740 1139 872 1208 preces!

120 1214 211 1274 Dixit.
245 1222 275 1276 et
289 1222 341 1275 aut
354 1216 406 1276 ille
421 1223 468 1276 est
483 1223 590 1277 tenues
606 1215 747 1294 dilapsus
760 1215 791 1276 in
805 1233 905 1291 auras,

136 1345 141 1358 .
162 1299 334 1374 Coeperunt
350 1316 462 1361 sensus
478 1307 530 1361 aut
544 1300 669 1375 vigilare
683 1302 753 1361 mei.

69 1387 105 1442 95
120 1381 154 1443 si
169 1382 315 1458 dubitem,
338 1384 412 1461 quin
426 1385 474 1446 his
491 1384 614 1459 faveas,
637 1399 655 1443 o
670 1383 811 1459 Maxime,
834 1383 932 1460 dictis,

158 1466 334 1528 Memnonio
350 1484 469 1546 cycnos
486 1484 558 1529 esse
573 1468 677 1528 colore
693 1473 805 1543 putem.

121 1550 183 1613 Sed
199 1567 301 1628 neque
314 1559 448 1614 mutatur
461 1553 548 1628 nigra
563 1553 633 1628 pice
646 1554 763 1612 lacteus
777 1551 896 1626 humor,

160 1636 232 1711 Nec,
255 1637 340 1712 quod
355 1644 421 1699 erat
435 1637 580 1711 candens,
604 1637 639 1696 fit
651 1635 849 1709 terebinthus,
873 1635 958 1697 ebur.

122 1719 315 1781 Conveniens
331 1722 432 1781 animo
449 1737 546 1797 genus
562 1727 610 1781 est
623 1719 687 1780 tibi.
719 1719 822 1779 nobile
836 1736 968 1796 namque

55 1811 107 1866 too
160 1804 270 1866 Pectus
285 1812 315 1865 et
328 1805 497 1865 Herculeae
513 1803 713 1880 simplicitatis
728 1802 836 1863 habes.

119 1887 220 1964 Livor,
245 1888 326 1949 iners
340 1890 455 1962 vitium,
479 1904 581 1949 mores
597 1903 658 1948 nou
674 1887 736 1947 exit
751 1886 782 1946 in
798 1887 886 1963 altos,

161 1973 261 2047 thue
276 1975 374 2034 latens
389 1974 450 2033 ima
465 1973 571 2048 vipera
587 1970 682 2048 serpit
695 1971 799 2030 humo.

119 2055 207 2116 Meus
223 2063 275 2117 tua
290 2058 429 2118 sublimis
447 2073 541 2132 supra
555 2071 652 2132 genus
668 2055 779 2114 eminet
792 2055 903 2131 ipsum,
960 2112 969 2123 χ

161 2139 313 2203 Grandius
328 2141 451 2216 ingenio
467 2157 525 2202 nee
539 2140 593 2201 tibi
608 2154 719 2200 nomeu
736 2139 824 2198 inest.

55 2229 107 2284 105
120 2223 201 2299 Ergo
217 2224 267 2284 alii
282 2233 413 2287 noceant
426 2224 556 2299 miseris,
580 2230 746 2303 optentque
759 2221 865 2297 timeri,

156 2307 324 2384 Tinctaque
337 2308 475 2370 mordaci
490 2309 609 2386 spicula
623 2307 694 2367 selle
707 2312 824 2382 gerant.

118 2398 159 2452 At
172 2398 224 2452 tua
238 2392 429 2469 supplicibus
445 2393 556 2454 domus
571 2400 618 2454 est
632 2392 762 2452 adsueta
776 2389 928 2466 iuvandis,

159 2477 193 2535 ln
209 2493 338 2552 quorum
352 2494 479 2538 numero
494 2493 552 2551 me,
577 2492 695 2553 precor,
717 2490 788 2535 esse
803 2473 891 2535 velis.

59 2658 106 2758 l.
161 2694 346 2756 aurrno

118 2774 206 2870 flacc
221 2808 274 2870 tibi
289 2825 351 2870 non
365 2824 476 2870 vanam
490 2809 643 2884 portantia
657 2808 753 2869 verba
767 2810 896 2870 salutem

158 2893 240 2954 Naso
254 2893 413 2954 Tomitana
426 2893 513 2953 mittit
530 2892 569 2952 ab
583 2892 659 2954 urbe
674 2900 753 2968 tuus

117 2980 219 3053 thue
233 2994 291 3039 suo
308 2977 414 3038 faveas
432 2977 565 3052 mandat,
586 2977 706 3051 Rufine,
728 2977 901 3053 triumpho:

158 3063 193 3121 ln
208 3067 328 3122 vestras
343 3061 427 3122 veuit
441 3062 467 3122 si
481 3068 582 3121 tamen
596 3060 647 3120 ille
662 3078 781 3122 manus.

83 3157 99 3209 5
113 3146 168 3207 Est
182 3161 263 3221 opus
279 3146 423 3221 exiguum
438 3145 612 3219 vestrisque
627 3144 782 3220 paratibus
797 3145 900 3220 inpare

160 3230 255 3305 Quale
268 3236 369 3291 tamen
384 3245 515 3306 eumque
530 3234 586 3303 est
608 3235 642 3288 ut
654 3236 767 3302 tueare,
789 3244 876 3305 rogo.

115 3313 216 3374 Firma
230 3314 334 3374 valent
347 3330 462 3392 perse,
484 3311 662 3388 nullumque
675 3313 848 3374 Machaona
862 3317 1022 3392 quaerunt.

157 3398 209 3458 Ad
223 3398 373 3459 medicam
388 3397 500 3458 dubius
514 3396 651 3472 confugit
665 3412 758 3472 aeger
781 3411 882 3475 opem,

116 3481 185 3542 Non
201 3497 280 3559 opus
295 3488 343 3542 est
356 3481 475 3558 magnis
490 3481 613 3559 placido
629 3481 744 3544 lectore
758 3484 873 3556 poetis=
