2318 3960
100 214 162 279 270
486 215 739 279 FASTORUM

223 370 290 429 Non
306 370 470 446 dedignata
486 377 533 430 est
547 384 657 430 nomen
672 369 786 428 habere
799 371 918 432 Venus.

183 453 258 513 ilino
272 462 357 515 satus
371 458 503 529 Aeneas,
525 454 624 529 pietas
638 459 777 528 spectata
789 469 846 528 per
860 454 957 529 ignes,

222 536 331 612 Sacra,
353 544 533 614 patremque
546 537 694 611 humeris,
717 537 812 597 altera
826 553 929 611 sacra,
952 539 1028 602 tulit.

181 620 329 681 Venimus
346 623 386 682 ad
403 623 474 682 lelix
488 622 652 697 aliquando
667 635 777 681 nomen
791 620 857 696 Iuli,

134 713 164 762 lo
220 703 308 765 Unde
323 704 433 765 domus
447 706 580 765 Teucros
596 704 672 764 lulia
686 703 781 779 tangit
799 720 885 764 avos.

179 787 341 848 Postumus
356 787 435 849 hinc.
466 789 518 864 qui
534 789 617 862 quod
632 787 718 848 silvis
733 788 789 848 luit
802 795 886 848 ortus
902 787 932 847 in
946 788 1025 862 altis,

222 870 334 931 Silvius
350 872 380 931 in
394 873 480 952 Latia
493 879 583 948 gente
597 879 725 933 vocatus
739 880 814 931 erat.

180 955 280 1028 Isque,
296 955 411 1030 Latine,
432 957 485 1016 tibi
501 963 588 1031 pater
602 964 658 1016 est.
686 953 769 1015 subit
783 955 864 1015 Alba
876 954 1032 1015 Latinumt

219 1038 377 1100 Proximus
393 1048 440 1100 est
453 1039 546 1101 titulis
560 1039 682 1115 Ερίιοε,
705 1038 793 1111 Alba,
815 1041 884 1099 tuis.

129 1127 162 1180 45
177 1121 230 1180 llle
246 1122 329 1182 dedit
343 1122 439 1202 Capyi
453 1124 590 1184 recidiva
604 1121 754 1183 vocabula
767 1122 875 1183 Troiae
907 1197 909 1202 .

220 1206 257 1264 lit
271 1214 340 1267 tuus
356 1214 403 1267 est
416 1207 510 1282 idem,
534 1207 664 1282 Calpem,
687 1208 784 1265 laetus
800 1222 887 1266 avus.

181 1289 314 1365 Cumque
329 1291 423 1365 patris
438 1308 564 1366 regnum
579 1297 650 1366 post
663 1290 744 1349 hunc
757 1288 917 1365 Tiberinus
931 1289 1068 1362 haberet,

219 1373 334 1433 Dicitur
348 1373 378 1432 in
392 1375 510 1435 Tuscae
523 1374 641 1449 gurgite
656 1389 775 1433 mersus
791 1389 900 1449 aquae.

178 1456 241 1515 lam
256 1464 354 1518 tamen
368 1457 527 1534 Agrippan
542 1465 643 1517 natum
656 1457 878 1532 Remulumque
892 1464 1036 1533 nepotem

126 1550 161 1600 ao
214 1539 350 1599 Viderat.
379 1541 408 1599 in
422 1542 581 1603 Remulum
596 1539 721 1600 fulmina
734 1539 830 1600 missa
847 1542 954 1601 lerunt.

179 1624 270 1682 Venit
283 1624 452 1685 Aventinus
468 1632 539 1700 post
552 1625 626 1697 hos,
648 1625 734 1683 locus
749 1624 832 1684 unde
847 1632 983 1698 vocatur,

218 1706 307 1766 Mons
324 1723 456 1783 quoque.
487 1715 557 1784 post
571 1708 654 1767 illum
668 1707 778 1767 tradita
792 1722 886 1782 regna
900 1706 1024 1768 Procae.

179 1790 272 1863 Quem
287 1791 424 1865 sequitur
439 1792 506 1852 duri
519 1792 655 1851 Numitor
669 1806 831 1865 germanus
845 1791 956 1851 Amuli.

219 1874 273 1933 Ilia
287 1890 356 1935 cum
369 1875 471 1936 Lauso
487 1876 526 1935 de
539 1876 692 1935 Numitore
715 1875 782 1934 sati.

126 1968 160 2018 55
174 1958 257 2018 Ense
272 1958 353 2018 cadit
367 1967 475 2034 patruo
489 1960 618 2020 Lausus.
647 1961 747 2033 placet
761 1957 814 2016 Ilia
828 1957 926 2031 Marti,

218 2042 321 2116 Teque
336 2043 422 2117 parit,
444 2044 564 2117 gemino
581 2043 681 2104 iuncte
696 2040 818 2113 Quirine
832 2041 940 2121 Remo.

177 2126 230 2184 llle
245 2141 319 2186 suos
336 2141 458 2202 semper
471 2128 623 2185 Venerem
636 2125 824 2199 Martemque
838 2131 981 2199 parentes

219 2209 315 2283 Dixit,
337 2216 366 2268 el
380 2211 505 2269 emeruit
519 2209 606 2269 vocis
621 2207 735 2267 habere
749 2208 850 2267 iidem.

177 2293 260 2351 Neve
275 2292 407 2351 secuturi
421 2299 550 2367 possent
564 2292 683 2351 nescire
697 2297 835 2366 nepotes,

127 2385 161 2437 oo
215 2377 366 2450 Tempora
380 2376 428 2435 dis
443 2375 563 2449 generis
580 2375 753 2435 continuata
769 2375 861 2434 dedit.

178 2459 240 2518 Sed
253 2457 385 2518 Veneris
400 2473 537 2518 mensem
552 2459 642 2519 Graio
660 2473 801 2518 sermone
816 2463 951 2519 notatum

216 2547 367 2617 Auguror.
397 2542 547 2616 aspumis
562 2549 609 2602 est
623 2543 682 2602 dea
697 2541 777 2601 dieta
796 2543 897 2601 maris.

176 2627 238 2685 Nec
252 2625 306 2686 tibi
320 2626 358 2685 sit
373 2627 480 2686 mirum
496 2625 612 2685 Graeco
628 2641 692 2684 rem
706 2625 828 2684 nornine
843 2625 918 2684 dicia

217 2710 291 2769 Itala
306 2726 375 2768 nam
391 2712 478 2769 tellus
495 2709 622 2769 Graecia
636 2710 733 2768 maior
747 2716 820 2769 erat.

127 2804 160 2856 65
175 2795 309 2852 Venerat
323 2793 465 2852 Euander
479 2794 570 2869 plena
584 2808 652 2852 cum
669 2793 770 2851 classe
785 2806 924 2852 suorumz

216 2878 350 2936 Venerat
363 2877 497 2948 Alcides,
514 2876 622 2937 Graius
637 2883 764 2948 uterque
779 2889 887 2948 genus.

175 2961 298 3037 Hospes
312 2960 472 3020 Aventinis
487 2964 654 3019 armentum
668 2959 751 3032 pavit
764 2958 794 3016 in
808 2956 912 3017 herbis

217 3044 369 3118 claviger,
392 3051 423 3103 et
436 3051 519 3105 tanto
534 3049 581 3103 est
593 3042 706 3102 Albula
721 3048 794 3117 pota
807 3041 878 3101 deo.

176 3129 245 3188 Dux
260 3143 384 3202 ottoque
398 3127 538 3187 Neritius.
566 3133 660 3186 testes
675 3126 902 3200 Laestrygones
916 3129 1019 3185 extant

126 3221 160 3274 70
214 3211 251 3270 Et
266 3211 350 3285 quod
364 3211 464 3270 adhuc
477 3210 581 3270 ‘circes
597 3209 719 3269 nomina
733 3209 802 3269 litus
817 3207 918 3267 habet

178 3293 287 3353 litiani
302 3293 460 3369 Telegoni,
483 3293 542 3354 iam
556 3292 678 3354 moenia
691 3291 808 3351 liburie
824 3290 876 3350 udi

217 3375 359 3451 Stabant,
373 3378 537 3453 Argolicae
554 3376 637 3452 quod
652 3390 785 3451 posuere
800 3391 918 3434 manus.

176 3464 309 3522 Venerat
322 3460 448 3521 Atridae
462 3461 531 3520 latis
547 3461 676 3537 agitatus
690 3460 849 3531 Halaesus,
