2318 3960
100 181 143 244 94
498 172 722 236 TRISTIUM

146 344 178 395 10
229 331 287 390 Per
301 340 446 391 numeros
461 342 568 387 omnes
582 325 643 386 hoc
660 335 765 389 tueare
779 334 881 403 caput,

186 414 273 489 Quod
288 421 340 474 tua
354 427 402 472 me
418 426 489 471 raro
505 411 621 471 solatur
634 412 774 486 epistola,
797 426 926 487 pecoasa

226 500 364 572 Remque
378 496 460 571 piam
475 501 626 569 praestas,
650 503 680 554 ei
695 494 767 554 mihi
782 494 877 555 verba
890 511 994 572 negas

186 584 251 641 Hoc
266 595 376 658 precor
389 578 533 638 emenda!
558 578 642 652 quod
656 579 683 638 si
698 579 870 639 correxeris
884 595 989 655 unum,

119 705 120 708 κ
224 664 331 724 Nullus
345 664 376 722 in
391 661 516 737 egregio
533 676 663 737 corpore
677 677 794 723 naevus
811 663 875 722 erit.

146 760 177 810 m
187 747 326 807 Pluribus
342 760 494 818 accusem,
518 745 585 805 fieri
599 744 658 805 nisi
673 746 782 821 possit,
803 753 837 806 ui
850 747 889 807 ad
904 761 955 805 me

226 832 337 890 Littera
352 846 413 889 non
428 828 539 901 veniat,
562 829 657 889 missa
672 829 711 889 sit
724 829 776 889 iila
788 835 914 889 tamen:

184 915 221 975 Di
238 915 358 988 iaciant,
381 920 413 974 ut
427 913 468 972 sit
480 913 641 973 temeraria
655 922 761 974 nostra
776 913 922 988 querella,

225 1000 330 1072 Teque
346 1005 449 1072 putem
464 997 543 1056 salso
558 1012 620 1056 non
634 995 811 1056 meminisse
825 997 900 1056 mei!

186 1081 274 1154 Quod
289 1095 413 1156 precor,
437 1095 509 1140 esse
524 1080 629 1155 liquet.
662 1080 859 1154 nequeenim
873 1080 1017 1141 mutabile
1029 1078 1103 1141 robu

144 1179 178 1229 no
228 1165 359 1224 credero
373 1180 422 1224 me
436 1165 483 1224 ias
497 1171 545 1224 est
559 1163 692 1240 pectoris
709 1179 780 1224 esse
794 1165 846 1224 tui.

187 1250 269 1309 Cana
283 1248 368 1325 prius
383 1249 484 1324 gelido
501 1249 602 1308 desint
615 1247 767 1308 absinthia
780 1247 885 1325 Ponto,

226 1333 265 1393 Et
279 1338 382 1393 careat
395 1332 476 1392 dulci
490 1331 641 1392 Trinacris
657 1331 759 1407 Hybla
772 1331 894 1408 thymo:

186 1417 387 1476 inmemorem
403 1433 493 1490 quam
507 1421 538 1475 te
553 1416 716 1491 quisquam
730 1417 892 1477 convincet
906 1416 1006 1477 amici.

227 1500 293 1560 Non
307 1501 350 1560 iia
364 1505 435 1560 suni
451 1498 503 1559 sati
518 1500 648 1559 sianrina
662 1500 749 1574 nigra
763 1500 833 1560 mei.

144 1595 177 1647 25
186 1583 231 1643 Tu
246 1591 355 1658 tamen,
376 1589 409 1642 ui
422 1584 527 1658 possis
542 1583 639 1644 falsae
654 1599 779 1659 quoque
794 1583 909 1659 pellere
923 1585 1034 1660 culpae

228 1666 367 1740 Crimina,
393 1666 477 1742 quod
493 1681 554 1725 non
572 1682 606 1727 es
621 1683 661 1726 ne
675 1667 811 1742 videare,
834 1682 919 1727 cave.

185 1750 286 1825 thue
298 1747 477 1810 'solebamus
493 1765 674 1811 consumere
689 1752 781 1826 ionga
794 1752 951 1828 loquendo

225 1834 383 1910 Tempora,
409 1834 543 1894 sermoni
559 1835 720 1896 deficiente
736 1834 794 1910 die,

187 1916 237 1976 Sic
253 1918 329 1978 ierat
343 1933 379 1978 ae
394 1919 507 1978 referat
520 1918 627 1980 tacitas
642 1934 723 1978 nuno
738 1919 838 1978 littera
852 1933 956 1994 voces,

143 2010 177 2062 30
228 2002 265 2061 Et
278 2010 428 2077 peragant
440 2002 563 2077 linguae
577 2003 682 2062 charte
692 2018 862 2076 manusque
875 2002 983 2063 vices.·=

185 2084 273 2158 Quod
289 2086 362 2158 iore,
387 2101 426 2145 ne
440 2085 565 2146 nimium
579 2086 687 2145 videar
702 2085 857 2161 diffidere,
881 2085 984 2160 sitque

225 2167 376 2228 Versibus
390 2169 450 2228 hoc
464 2167 573 2243 paucis
588 2169 787 2228 admonuisse
801 2172 886 2242 satis,

185 2252 302 2325 Accipe
318 2267 379 2325 quo
396 2267 519 2324 semper
533 2251 635 2311 finitur
650 2247 781 2327 epistola
794 2252 900 2325 verbo,

226 2337 328 2408 Atque
343 2335 419 2393 meis
435 2332 547 2393 distent
561 2340 594 2393 ut
608 2343 660 2406 ina
675 2335 744 2405 iaia,
766 2336 849 2393 vale!

109 2465 174 2557 ¹4·
188 2463 312 2568 (luania
326 2500 380 2560 tibi
395 2500 531 2560 dederim
547 2501 661 2561 nostris
677 2511 874 2564 monumenta
888 2506 1009 2584 libeliis,
1048 2502 1051 2507 ’

229 2583 252 2643 0
268 2584 340 2643 mihi
355 2599 405 2643 me
420 2583 553 2644 coniunx
569 2584 677 2658 carior,
700 2586 770 2661 ipsa
783 2587 882 2648 vides

185 2667 330 2728 Detrahat
345 2669 460 2728 auctori
474 2670 601 2729 mulium
614 2670 744 2746 fortuna,
767 2671 883 2732 iicebit:

223 2753 268 2812 Tu
282 2758 381 2811 tamen
396 2751 518 2828 ingenio
534 2752 617 2813 ciera
630 2755 728 2814 ferere
741 2771 821 2815 meo.

161 2836 328 2911 5Dumque
343 2837 436 2911 legar,
459 2851 578 2896 mecum
593 2838 705 2912 pariter
718 2843 770 2899 tua
784 2840 864 2898 sama
881 2842 1006 2918 legetur,

226 2919 289 2980 Nec
302 2926 391 2995 potes
407 2920 437 2979 in
452 2927 587 2980 maestos
603 2921 708 2981 omnis.
716 2922 800 2982 abire
814 2938 918 2999 rogos.

188 3003 324 3078 Cumque
338 3003 394 3064 viri
409 3019 484 3064 casu
500 3003 604 3079 possis
619 3005 793 3066 miseranda
807 3008 914 3082 videri,
964 3029 966 3032 ·

227 3086 368 3148 Invenies
384 3087 513 3163 aliquaS,
538 3104 617 3163 quae
632 3089 774 3166 quados,
798 3106 869 3150 esse
882 3091 990 3153 veiintz

189 3169 272 3242 Quae
286 3177 324 3242 te,
348 3179 521 3233 nostrorum
537 3187 605 3232 cum
622 3173 665 3233 sis
681 3174 710 3232 in
726 3181 813 3248 parte
827 3177 985 3250 malorum,

146 3262 180 3313 10
228 3253 360 3314 Felicem
375 3257 477 3316 dicant
491 3255 710 3331 invideantque
724 3257 786 3316 tibi.

186 3335 253 3395 Non
268 3352 326 3410 ego
342 3338 463 3399 divicias
480 3338 582 3398 dando
598 3339 650 3399 uni
666 3342 753 3416 plura
768 3342 940 3402 dedissemr

124 3451 127 3455 ›
228 3419 336 3480 Divitis
352 3421 512 3482 admones
528 3423 569 3482 nil
585 3425 661 3483 ieret
675 3424 782 3485 umbra
797 3440 882 3486 suos.
