2318 3960
440 205 478 278 V,
503 204 552 283 12
574 205 689 281 3-13,
711 207 740 268 9.
1057 213 1098 277 98

161 360 228 421 Non
243 361 323 420 adeo
339 365 386 419 est
401 359 479 418 bene
494 374 583 432 nunc,
607 366 639 429 ut
653 360 692 420 sit
706 360 778 422 mihi
792 363 891 438 gloria
903 378 1010 426 curae.

204 443 237 505 Si
251 445 349 517 liceat,
372 443 446 503 uuili
460 441 603 517 cognitus
617 458 690 504 esse
705 445 805 508 velim.

161 531 211 588 An
228 527 301 602 quia
316 533 476 587 cesserunt
490 524 588 601 primo
604 526 684 586 bene
698 530 841 609 omuino,
865 534 981 593 suades

203 609 353 683 Scribere,
376 625 542 671 successus
560 618 591 679 ut
605 626 720 685 sequar
732 611 802 688 ipse
814 623 923 676 meost

115 710 152 760 45
165 696 253 769 Pace,
276 709 396 765 novem,
422 701 525 754 vestra
536 693 628 756 liceat
641 694 769 770 dixisse,
782 713 935 760 sorores:

203 780 270 840 Vos
285 778 361 839 estis
375 786 499 849 nostrae
514 777 646 837 maxima
661 792 758 841 causa
771 781 871 856 iugae.

161 864 264 940 thue
279 863 364 923 dedit
377 862 474 922 iustas
489 861 567 922 tauri
581 861 747 930 fabricator
759 865 837 937 atini,

204 946 255 1007 Sic
270 962 327 1022 ego
343 946 383 1006 do
399 960 518 1023 poenas
532 945 648 1006 artibus
663 946 732 1022 ipse
746 949 832 1008 meis.

162 1031 209 1090 Nil
223 1030 296 1090 mihi
312 1029 444 1090 debebat
458 1044 527 1088 cum
541 1030 684 1091 versibus
699 1032 830 1108 amplius
846 1050 925 1109 esse,

102 1126 154 1187 Ι55
208 1114 281 1174 Cum
296 1116 432 1188 fugerem
446 1113 553 1181 nierito
569 1113 736 1189 naufragus
751 1132 841 1177 omne
855 1118 975 1178 fretum.

161 1202 209 1270 At,
235 1207 319 1274 puto,
344 1198 370 1258 si
386 1198 513 1257 demens
529 1197 662 1257 studium
678 1200 768 1259 fatale
783 1208 969 1278 retemptem,

203 1283 258 1342 Hic
273 1282 345 1341 mibi
359 1281 517 1357 praebebit
531 1281 674 1341 carminis
689 1294 774 1343 arma
788 1285 885 1345 iocus.

160 1367 229 1427 Non
242 1366 319 1425 liber
332 1365 383 1425 hic
397 1365 486 1435 uitus,
510 1381 571 1425 non
587 1364 640 1440 qui
655 1367 727 1426 mibi
743 1369 916 1429 commodet
930 1385 1044 1442 aurem,

201 1448 368 1525 Verbaque
383 1448 556 1523 significent
572 1448 646 1523 quid
664 1466 741 1524 mea,
765 1451 853 1524 norit,
877 1454 975 1514 adest.

116 1547 153 1599 55
166 1533 272 1594 Omnia
287 1533 465 1594 barbaricae
479 1533 549 1593 ioca
564 1540 634 1592 sunt
648 1535 798 1610 vocisque
814 1535 937 1609 ferinae,

204 1617 371 1693 Omniaque
387 1616 505 1676 hostilis
521 1619 613 1692 piena
627 1617 735 1678 timore
752 1621 831 1679 soni.

160 1704 233 1778 Ipse
247 1701 319 1761 mihi
331 1701 439 1764 videor
453 1700 512 1760 iam
527 1701 715 1764 dedidicisse
729 1702 850 1765 Latine:

202 1787 277 1845 Nam
292 1784 386 1845 didici
401 1784 505 1845 Getice
519 1783 752 1862 Sarmaticeque
764 1787 858 1862 ioqui.
878 1803 880 1807 ’

160 1871 224 1930 Nec
238 1877 348 1943 tamen,
369 1877 400 1929 ut
413 1885 519 1929 verum
535 1870 630 1928 fatear
644 1870 707 1945 tibi,
731 1879 837 1931 nostra
850 1871 945 1932 teneri

116 1964 154 2018 60
205 1956 235 2014 A
250 1953 465 2030 componendo
482 1953 614 2012 carmine
628 1954 717 2015 Musa
733 1963 843 2029 potest.

165 2037 333 2099 Scribimus
350 2044 379 2098 et
393 2036 526 2111 scriptos
541 2036 728 2098 absumimus
744 2037 815 2112 igne
829 2038 959 2099 libellos.

200 2121 308 2182 Exitus
323 2127 371 2182 est
384 2121 476 2182 studii
491 2136 589 2195 parva
603 2120 707 2181 favilla
720 2121 789 2182 mei.

160 2206 223 2266 Nec
238 2221 375 2281 possum,
399 2213 429 2266 et
443 2205 535 2280 cupio
551 2220 614 2265 non.
627 2206 707 2266 ulios
722 2206 836 2266 ducere
850 2221 974 2266 versus:

202 2290 326 2350 Ponitur
337 2290 452 2351 idcirco
467 2294 574 2349 noster
588 2289 617 2348 in
633 2290 702 2364 igne
717 2289 813 2360 labor,

116 2379 152 2434 65
163 2374 227 2433 Nec
242 2374 300 2432 nisi
316 2391 388 2450 pars
403 2389 479 2434 casu
492 2370 624 2432 flammis
640 2382 746 2448 erepta
759 2374 872 2434 dolove

202 2457 251 2516 Ad
267 2474 324 2519 vos
340 2457 452 2534 ingenii
467 2456 607 2532 pervenit
622 2457 683 2516 ulla
697 2457 765 2516 mei.

161 2541 213 2600 Sic
230 2541 351 2617 utinam,
374 2556 454 2618 quac
468 2539 509 2598 nii
524 2548 707 2601 metuentem
722 2542 782 2601 tale
796 2541 973 2616 magistrum

199 2625 343 2699 Perdidit,
367 2627 397 2686 in
412 2626 531 2685 cineres
548 2625 608 2681 Ars
623 2640 691 2683 mea
705 2641 797 2685 versa
812 2626 906 2685 iorett

82 2759 148 2852 ¹3·
161 2759 252 2854 Hanc
267 2802 338 2856 tuus
354 2813 371 2855 e
388 2796 492 2856 Getico
508 2795 596 2856 mittit
610 2795 662 2854 tibi
679 2795 762 2854 Naso
778 2795 915 2865 salutem,

199 2878 318 2939 Mittere
333 2880 360 2939 si
376 2879 548 2956 quisquam,
573 2896 634 2954 quo
651 2886 734 2939 caret
750 2879 827 2953 ipse,
851 2883 976 2952 potest·
1080 2874 1087 2877 ’

161 2965 263 3036 Aeger
277 2963 357 3024 enim
371 2964 450 3024 traxi
466 2963 608 3038 corbegia
623 2978 754 3038 corpore
769 2961 887 3034 mentis,

200 3046 310 3106 Libera
326 3053 476 3108 tormento
495 3058 567 3122 pars
581 3047 653 3106 mihi
668 3061 708 3106 ne
723 3061 786 3121 qua
802 3051 905 3112 vacet:

132 3138 147 3190 5
160 3129 280 3204 Perque
295 3131 362 3191 dies
377 3133 488 3193 multos
504 3131 607 3191 lateris
624 3128 806 3190 cruciatibus
822 3142 903 3202 uror,

205 3212 267 3273 Sed
283 3215 367 3288 quod
382 3231 443 3275 non
458 3215 580 3275 modico
597 3213 709 3288 frigore
724 3213 813 3272 laesit
827 3212 935 3271 hiems.

163 3296 195 3356 Si
212 3304 310 3356 tamen
326 3299 394 3375 ipse
410 3301 506 3373 vales,
530 3300 634 3374 aliqua
648 3313 705 3359 uos
720 3303 808 3373 parte
821 3296 976 3356 valemus=

206 3380 324 3457 Quippe
337 3398 406 3442 mea
421 3389 469 3443 est
483 3381 618 3443 humeris
634 3382 707 3441 tulta
721 3381 810 3441 ruina
823 3379 892 3441 tuis.

164 3463 219 3537 Qui
235 3463 308 3524 mihi
323 3482 392 3527 cum
407 3466 530 3526 dederis
545 3466 680 3541 ingentia
694 3465 832 3541 pianora,
855 3478 987 3539 cumque
