2318 3960
403 241 445 312 V,
468 240 505 305 2.
526 237 640 303 5-76.
981 239 1021 307 79

90 391 224 465 Viderit,
241 390 309 466 ipse
324 407 458 466 sacram,
476 391 616 466 quamvls
632 391 765 471 invisus,
781 395 820 455 ad
836 411 917 457 aram

135 473 323 550 confugiam.
359 476 458 538 nullas
474 482 644 535 summovet
658 493 711 537 ara
725 494 843 539 manus.

45 652 74 704 ιι
90 643 254 717 Adloquor
268 657 305 701 en
321 641 435 703 absens
450 644 589 705 absentia
603 644 726 704 numina
740 647 881 723 supplex,

135 726 168 787 Si
184 727 230 787 las
246 732 293 786 εει
307 725 421 787 homini
437 744 505 787 cum
521 728 594 787 love
610 743 706 803 posse
721 729 816 805 loqui.

92 810 216 871 Arbiter
229 809 362 886 imperii,
379 826 441 885 quo
457 818 572 872 eertum
586 818 634 872 est
648 813 767 890 sospite
782 820 910 875 cunctos

134 893 293 955 Ausoniae
308 910 411 954 curam
425 895 524 970 gentis
539 894 653 955 habere
668 896 756 972 deos,

93 977 116 1038 0
134 979 246 1051 decus,
263 991 281 1038 0
298 979 415 1054 patriae
431 994 486 1054 per
501 986 530 1039 te
544 977 682 1040 florentis
698 979 809 1056 imago,

45 1073 74 1123 ιο
133 1061 156 1122 O
176 1061 223 1121 vir
237 1077 298 1122 non
313 1061 399 1138 ipso,
416 1078 506 1137 quem
520 1063 617 1138 regis,
634 1063 708 1123 orbe
722 1066 834 1124 minor!

91 1145 143 1207 Sic
158 1145 276 1206 habiles
291 1153 388 1207 terras
404 1153 434 1207 ει
447 1153 477 1207 ιε
492 1147 647 1207 desideret
660 1148 773 1221 aether,

135 1229 186 1290 Sic
201 1230 241 1289 ad
257 1237 347 1305 pacta
362 1229 415 1291 tibi
430 1230 533 1290 sidera
546 1230 653 1292 tardus
669 1246 732 1304 eas,

90 1315 202 1388 Parce,
219 1329 343 1391 precor,
360 1313 576 1390 minimamque
589 1321 641 1375 tuo
657 1315 696 1375 de
710 1315 834 1376 fulmine
849 1323 965 1392 partem

134 1400 244 1459 Demet
280 1398 355 1459 satis
372 1413 491 1474 poenae
507 1399 591 1474 quod
606 1399 778 1475 superabit,
793 1400 858 1461 erit.

45 1494 72 1543 ιι
87 1484 135 1541 lra
151 1482 275 1557 quidem
286 1483 444 1543 moderata
458 1489 510 1542 tua
524 1490 586 1557 est,
602 1483 758 1558 vitamque
773 1483 893 1560 dedisti,

134 1567 197 1626 Nec
211 1565 283 1627 mihi
298 1565 345 1626 ius
362 1565 454 1642 civis,
470 1582 528 1627 nec
542 1566 614 1626 mihi
630 1582 739 1628 nomen
752 1565 854 1629 abestz

90 1651 154 1711 Nec
168 1665 237 1710 mea
251 1665 403 1711 concessa
417 1657 464 1711 est
478 1651 546 1711 aliis
562 1651 696 1727 fortuna,
705 1652 770 1712 'nec
785 1654 856 1712 exul

131 1733 230 1793 Edicti
245 1735 347 1794 verbis
363 1734 504 1797 nominor
518 1736 586 1812 ipse
600 1736 653 1796 tui.

91 1818 261 1893 Omniaque
275 1818 352 1878 haec
367 1818 467 1893 timui,
484 1818 628 1894 quoniam
644 1819 794 1880 meruisse
810 1819 945 1879 videbar.

45 1911 75 1964 ιο
132 1901 195 1961 Sed
209 1909 261 1962 tua
274 1910 402 1978 peccato
417 1902 516 1962 lenior
528 1904 573 1962 ira
589 1918 656 1963 meo
672 1910 728 1963 est.

90 1989 174 2046 Arva
188 1987 353 2061 relegatum
369 1987 486 2047 iussisti
503 1987 603 2047 visere
616 1987 712 2059 Ponti,

118 2070 170 2129 'Et
186 2069 362 2146 Scythicum
383 2071 515 2147 profuga
530 2070 671 2130 scindere
686 2084 791 2146 puppe
806 2070 924 2138 fretum.

91 2155 197 2214 lussus
211 2154 253 2214 ad
266 2153 376 2214 Euxini
393 2154 542 2216 deiomnia
557 2153 645 2214 litora
658 2154 727 2212 veni

133 2238 297 2312 Aequoris.
334 2238 410 2297 haec
425 2238 528 2313 gelido
545 2243 624 2298 terra
639 2236 697 2297 sub
712 2253 770 2297 axe
782 2236 869 2297 iacet.

45 2330 74 2383 ιι
89 2322 152 2381 Nec
167 2337 216 2381 me
233 2328 293 2382 tam
310 2322 424 2382 cruciat
439 2337 605 2396 numquam
625 2321 693 2381 sine
708 2322 820 2396 lrigore
837 2320 964 2395 caelum,

135 2405 291 2482 Glebaque
306 2405 426 2466 canenti
443 2422 565 2482 semper
580 2404 690 2465 obusta
704 2407 784 2480 gelu,

91 2489 264 2564 Nescioque
279 2495 327 2549 est
340 2491 427 2550 vocis
445 2490 530 2564 quod
547 2489 679 2549 barbara
693 2489 796 2564 lingua
808 2488 943 2563 Latinae,

134 2573 287 2649 Graiaque
302 2573 386 2649 quod
407 2574 512 2634 Getico
527 2574 607 2633 victa
623 2573 757 2648 loquella
773 2587 850 2634 sono
867 2579 921 2645 est,

92 2658 186 2731 Quam
203 2657 286 2731 quod
301 2658 427 2718 finitimo
443 2658 559 2717 cinctus
576 2671 699 2732 premor
714 2657 848 2731 undique
861 2657 966 2728 Marte,

45 2748 74 2804 lo
131 2741 254 2816 Vixque
267 2741 371 2801 brevis
387 2748 468 2802 tutos
484 2758 588 2801 murus
603 2741 641 2800 ab
656 2741 746 2801 hoste
762 2740 841 2799 lacit.

89 2824 154 2883 Pax
170 2832 268 2885 tamen
284 2826 434 2885 interdum
450 2833 506 2886 est.
543 2826 629 2900 pacis
644 2825 758 2885 fiducia
772 2839 945 2897 numquam.

134 2907 187 2968 Sic
201 2908 251 2968 hic
269 2925 350 2969 nunc
365 2910 490 2984 patitur,
507 2925 588 2969 nunc
602 2910 684 2968 timet
699 2924 783 2968 arma
797 2909 894 2967 locus.

91 2992 169 3051 Hinc
184 3007 242 3068 ego
256 2994 328 3054 dum
342 3000 456 3066 muter,
478 2996 527 3053 vel
542 3008 590 3052 me
604 2993 755 3052 Zanclaea
771 2989 943 3066 Charybdis

132 3077 267 3137 Devoret
281 3085 373 3153 atque
389 3077 454 3136 suis
470 3077 510 3136 ad
526 3075 623 3153 Styga
638 3075 734 3134 mittat
747 3073 847 3148 aquia

45 3167 72 3224 ιι
88 3160 146 3218 Vel
162 3161 288 3235 rapidae
304 3159 435 3221 llammis
450 3177 522 3220 urar
541 3160 690 3235 patienter
704 3159 734 3217 in
752 3158 879 3229 Aetnae,

131 3243 189 3303 Vel
205 3244 279 3305 freta
292 3244 437 3306 Leucadii
452 3244 552 3304 mittar
565 3242 667 3303 inalta
682 3242 741 3303 dei.
961 3240 1018 3317 [sq

90 3327 178 3402 Quod
193 3328 340 3404 petimus,
354 3345 455 3406 poena
467 3335 522 3388 est.
543 3325 735 3402 nequeenim
747 3325 841 3385 miser
851 3338 922 3385 esse
932 3336 1016 3383 recu·

133 3409 196 3472 Sed
211 3429 336 3489 precor,
352 3419 385 3473 ut
399 3412 517 3488 possim
533 3409 625 3472 tutius
638 3426 709 3470 esse
724 3410 827 3470 miser.
