2318 3960
375 229 430 306 m,
454 228 509 308 rs,
530 229 650 308 s-ra,
673 230 725 294 as.

119 381 267 456 Quisquis
281 381 308 442 is
324 388 380 455 est,
397 382 523 443 memori
538 401 691 446 rumorem
707 400 784 446 voee
798 387 915 448 reterre

156 463 274 526 steen
290 464 390 526 lamae
404 481 541 542 parsque
556 470 734 549 gradusque
749 476 861 543 potest.

69 549 159 623 451s,
176 562 295 623 precor,
311 549 432 609 auditos
449 551 550 624 possit
564 567 688 612 narrare
703 552 873 628 triumphos

164 632 305 692 Caesaris
321 638 351 692 et
364 633 448 694 Latio
465 635 583 694 reddita
598 642 669 695 vota
683 636 763 697 lovi:

119 716 232 792 Teque,
247 714 431 791 rebellatrix,
448 718 578 793 tandem,
596 719 765 792 Germania,
781 719 881 794 magni

159 800 258 860 Triste
274 805 366 874 eaput
381 800 512 874 pedibus
527 804 735 879 supposuisse
751 803 848 863 dueis.

116 884 201 943 Haec
215 881 287 941 mihi
304 883 356 957 qui
370 884 490 959 referet,
507 903 586 960 quae
601 903 663 947 non
678 887 794 946 vidisse
810 886 930 959 dolebo,

65 980 100 1034 50
157 967 210 1026 llle
224 980 311 1025 meae
326 966 430 1028 domui
445 970 585 1043 protinus
599 971 716 1045 hospes
732 970 797 1030 erit.

116 1050 153 1109 Ei
168 1049 255 1108 mihi!
273 1049 374 1110 iamne
389 1051 499 1112 domus
516 1052 662 1132 Scythico
678 1054 810 1115 Nasonis
826 1053 856 1112 in
874 1054 949 1113 orbe
963 1059 1032 1115 ests

156 1134 282 1208 lemque
297 1148 386 1194 suum
400 1135 472 1195 mihi
489 1137 540 1197 dat
554 1154 610 1212 pro
626 1138 690 1197 lare
705 1152 807 1212 poena
821 1139 943 1197 loeumt

115 1218 152 1277 Di
167 1217 266 1288 iaeite,
282 1223 316 1278 ut
331 1217 445 1278 Caesar
459 1235 520 1279 non
536 1220 585 1280 hie
597 1222 753 1296 penetrale
769 1221 966 1295 domumque,

156 1300 332 1375 Hospitium
346 1316 468 1376 poenae
485 1303 541 1362 sed
555 1305 628 1364 velit
643 1318 714 1363 esse
729 1311 831 1363 meae!

35 1431 103 1527 13·
115 1430 202 1528 Eece
218 1483 464 1542 supervacuus...
481 1469 555 1543 quid
570 1469 650 1528 enim
665 1472 720 1531 luit
733 1471 807 1532 utile
819 1471 959 1546 gignit...

156 1551 205 1610 Ad
222 1567 279 1611 sua
293 1549 406 1613 Natalis
422 1559 561 1628 tempora
576 1560 682 1614 noster
696 1555 793 1615 adest.

114 1637 204 1708 Dure,
222 1634 295 1710 quid
310 1635 495 1696 admiseras
510 1638 656 1697 veniebas
672 1637 771 1698 exulis
787 1644 906 1698 annosi

155 1719 313 1779 Debueras
329 1717 388 1778 illis
403 1720 581 1794 inposuisse
595 1722 728 1781 modum.

109 1801 141 1862 si
160 1801 211 1861 tibi
228 1818 301 1862 eura
315 1803 384 1874 mei,
400 1804 450 1863 vel
465 1804 491 1864 si
508 1805 608 1880 pudor
624 1807 705 1865 ullus
721 1805 855 1876 adesset,

156 1885 223 1945 Non
238 1888 317 1946 ultra
331 1888 460 1960 patriam
474 1903 523 1947 me
537 1903 704 1963 sequerere
718 1903 831 1945 meam:

115 1968 244 2044 Quoque
259 1971 329 2031 loeo
345 1971 475 2045 primum
488 1971 540 2030 tibi
557 1987 625 2030 sum
639 1973 718 2030 male
733 1970 873 2045 cognitus
889 1968 1001 2042 infans,
1107 2017 1111 2021 .

150 2053 205 2113 lllo
220 2059 402 2128 temptasses
418 2054 541 2114 ultimus
556 2069 628 2115 esse
642 2054 729 2113 milri:

113 2137 239 2212 lamque
253 2137 463 2211 relinquenda,
480 2138 563 2213 quod
577 2139 657 2198 idem
671 2138 773 2196 iecere
789 2135 923 2207 sodales,

60 2229 96 2281 10
151 2219 195 2279 Tu
209 2237 334 2296 quoque
349 2221 483 2281 dixisses
499 2221 592 2281 tristis
608 2221 638 2279 in
652 2221 735 2282 Urbe
750 2220 828 2279 vale.

113 2303 192 2377 Quid
208 2304 259 2365 tibi
275 2321 344 2365 eum
358 2304 478 2365 Ponto?
499 2322 571 2364 num
585 2312 615 2364 te
630 2319 757 2379 quoque
775 2301 913 2362 Caesaris
929 2301 976 2360 ira

153 2388 328 2448 Extremam
343 2388 435 2462 gelidi
450 2389 532 2447 misit
544 2390 574 2446 in
591 2388 674 2449 orbis
690 2388 834 2446 humum‘l

113 2469 237 2531 Scilicet
251 2478 397 2546 expectas
413 2471 493 2530 soliti
509 2472 561 2531 tibi
576 2472 669 2531 moris
684 2471 841 2539 honorem,

154 2554 290 2614 Pendeat
303 2570 342 2613 ex
356 2553 491 2615 humeris
507 2556 601 2614 vestis
619 2562 652 2615 ut
667 2553 736 2612 alba
751 2553 848 2622 meis,

61 2641 95 2693 15
110 2638 238 2698 Fumida
253 2638 391 2711 cingatur
404 2636 585 2697 florentibus
601 2653 656 2695 ara
670 2636 802 2706 coronis,

150 2720 292 2796 Mieaque
307 2721 446 2781 sollemni
463 2720 536 2780 turis
551 2721 582 2779 in
596 2720 666 2793 igne
681 2724 779 2790 sonet,

109 2805 248 2879 Libaque
264 2804 469 2880 deproperem
483 2803 615 2877 genitale
631 2802 766 2862 notantia
780 2807 909 2874 tempus,

153 2886 393 2963 Concipiamque
408 2888 506 2948 bonas
523 2902 577 2947 ore
592 2888 713 2946 favente
728 2888 859 2959 preces?

110 2971 177 3031 Non
192 2972 234 3030 ita
249 2988 316 3032 snm
332 2971 463 3046 positus,
480 2986 537 3030 nee
552 2978 624 3030 sunt
639 2985 676 3029 ea
690 2976 828 3043 tempora
842 2964 944 3040 nobis,

58 3061 96 3114 20
151 3055 295 3115 Adventu
310 3056 541 3131 possimlaetus
556 3059 589 3113 ut
604 3069 675 3113 esse
691 3059 753 3112 tuo.

110 3139 239 3198 Funeris
256 3155 309 3198 ara
323 3139 405 3214 mihi,
422 3139 508 3198 ierali
523 3138 622 3197 cineta
637 3150 798 3211 cupresso,

154 3223 302 3283 Convenit
316 3229 346 3282 et
361 3223 484 3283 structis
500 3221 622 3281 flamma
637 3225 744 3295 parata
758 3214 851 3291 rogis.

110 3305 174 3366 Nee
189 3306 263 3367 dare
279 3312 347 3367 tura
363 3307 436 3366 libet
450 3307 491 3365 nil
507 3304 665 3364 exorantia
681 3303 780 3375 divos,

152 3390 187 3449 ln
201 3389 292 3450 tantls
307 3390 439 3450 subeunt
455 3404 511 3450 nee
526 3390 608 3449 bona
621 3386 717 3448 verba
731 3383 828 3445 malis.

60 3482 94 3534 25
110 3472 142 3533 Si
158 3479 258 3536 tamen
274 3479 323 3534 est
336 3470 452 3547 aliquid
468 3473 556 3533 nobis
572 3471 630 3531 hae
645 3472 713 3532 luee
730 3465 903 3544 petendum,
