2318 3960
118 226 159 291 58
515 222 744 284 TRISTIUM

201 378 273 440 Cum
288 374 421 437 traheret
436 375 529 434 silvas
548 373 688 448 Orpheus
703 382 732 434 et
747 375 824 434 dura
840 387 985 438 canendo

242 461 334 534 Saxa,
349 459 396 519 bis
413 459 528 517 amissa
543 458 674 531 coniuge
690 463 826 518 maestus
842 465 915 519 erat.

199 546 248 605 Mc
264 559 389 620 quoque
403 541 493 601 Musa
507 543 588 600 levat
602 540 689 601 Ponti
704 542 773 602 loca
786 541 873 601 iussa
890 547 1065 606 tenentcma

150 642 185 693 20
240 627 314 688 Sola
330 641 434 685 comes
450 630 574 684 nostrae
589 625 720 699 perstitit
733 624 784 684 illa
798 626 905 699 iugaer

202 713 274 773 Sola
288 725 345 769 nee
360 707 497 781 insidias,
514 723 571 767 neo
585 707 649 781 iter,
666 723 723 767 nec
736 708 865 768 Thracia
879 712 949 783 tela,

240 795 303 854 Nec
317 808 409 866 mare,
424 807 482 852 nec
496 796 606 852 ventos
623 791 858 867 barbariemque
872 793 966 854 timet.
1144 830 1154 879 q

202 878 265 939 Scit
282 891 414 952 quoque,
432 891 499 935 cum
515 875 600 950 perii,
618 874 688 950 quis
702 891 751 935 me
767 875 924 951 deceperit
938 893 1039 955 error,
1150 891 1153 899 ·

240 962 277 1021 Et
292 961 412 1035 culpam
427 960 456 1020 in
473 960 562 1033 lacto,
579 975 639 1019 non
655 960 767 1033 scelus,
784 974 855 1020 esse
869 976 950 1022 meo.

150 1060 186 1113 ω,
202 1045 325 1106 Scilicet
339 1043 398 1104 hoc
413 1043 483 1118 ipso
498 1059 579 1103 nunc
595 1057 704 1117 aequa,
722 1043 806 1118 quod
821 1044 918 1105 obluit
931 1053 1015 1121 ante,

243 1129 316 1188 cum
330 1142 450 1187 mecum
468 1127 603 1186 adiuncti
619 1127 751 1187 criminis
768 1135 836 1187 acta
850 1144 904 1189 rea
919 1136 977 1190 est.

201 1214 267 1272 Non
284 1211 427 1286 equidem
441 1212 558 1284 vellem,
576 1212 719 1286 quoniam
734 1211 872 1272 nocitura
888 1216 1023 1290 luerunt,

242 1296 396 1356 Pieridum
417 1296 514 1356 sacris
530 1295 708 1370 inposuisse
721 1311 853 1356 manum.

204 1380 266 1441 Sed
280 1395 361 1439 nunc
378 1380 454 1454 quid
467 1379 597 1439 faciam?
617 1379 665 1439 vis
680 1394 729 1438 me
743 1385 826 1439 tenet
839 1379 908 1454 ipsa
922 1396 1080 1457 sororum,
1150 1446 1155 1471 ‘

150 1475 185 1528 30
239 1465 277 1523 Et
292 1478 413 1522 carmen
429 1463 555 1522 demens
572 1464 705 1522 carmine
719 1465 822 1523 laesus
838 1479 917 1525 amo.

201 1547 252 1608 Sic
266 1563 347 1608 nova
362 1545 501 1606 Dulichio
517 1547 597 1606 lotos
613 1552 734 1621 gustata
750 1549 851 1621 palato

242 1632 305 1706 Illo,
322 1645 383 1705 quo
399 1629 511 1704 nocuit,
527 1636 613 1704 grata
628 1646 741 1705 sapore
757 1631 821 1690 luit.

201 1712 297 1775 Sentit
311 1728 418 1774 amans
435 1729 493 1773 sua
507 1714 619 1773 damna
634 1715 708 1773 lere.
730 1720 830 1774 tamen
846 1714 952 1776 haeret
967 1715 1000 1776 in
1014 1716 1086 1792 illis,

240 1797 397 1857 Materiam
413 1799 522 1872 culpae
539 1798 796 1872 persequiturque
811 1813 896 1858 suae.
935 1854 943 1861 .

150 1887 183 1943 ³5
197 1880 259 1940 Nos
276 1896 400 1956 quoque
415 1881 575 1954 delectant,
592 1881 732 1956 quamvis
748 1897 890 1957 nocuere,
907 1882 1015 1944 libellis

242 1964 392 2040 Quodque
406 1964 478 2024 mihi
493 1967 585 2025 telum
600 1966 727 2025 vulnera
741 1965 820 2039 iecit,
838 1980 917 2025 amo.

198 2049 337 2110 Forsitan
353 2048 413 2109 hoc
428 2049 561 2108 studium
577 2048 677 2123 possit
691 2051 775 2108 furor
791 2063 862 2109 esse
876 2047 992 2111 videris

241 2131 303 2192 Sed
320 2131 465 2206 quiddam
480 2132 564 2191 iuror
578 2131 627 2191 hic
642 2132 775 2192 utilitatis
791 2131 891 2192 habet.

200 2214 328 2290 Semper
342 2215 373 2272 in
390 2214 496 2274 obtutu
509 2220 639 2274 mentem
653 2223 735 2276 vetat
748 2230 820 2275 esse
834 2217 993 2290 malorum,

151 2308 185 2363 40
239 2297 413 2358 Praesentis
430 2313 522 2358 casus
538 2298 800 2375 inmemoremque
815 2299 894 2359 lacit.

198 2383 299 2457 thue
315 2397 404 2441 suum
419 2382 541 2442 Bacche
557 2398 618 2442 non
633 2384 725 2443 sentit
738 2383 843 2444 saucia
856 2384 981 2460 vulnus,
1152 2398 1155 2483 q

240 2465 319 2525 ilum
332 2471 435 2539 stupet
448 2465 565 2526 Edonis
581 2468 736 2527 exululata
750 2467 838 2540 iugis,

201 2547 318 2608 Sicubi
334 2554 415 2608 mota
431 2551 530 2609 calent
543 2550 631 2610 viridi
645 2565 713 2612 mea
728 2557 855 2626 pectora
873 2550 991 2629 thyrso,

241 2631 340 2691 Altior
354 2631 487 2693 humano
504 2634 630 2709 spiritus
645 2636 695 2694 ille
710 2637 790 2694 malo
807 2641 863 2694 est.

150 2723 183 2778 45
198 2716 250 2775 llle
266 2731 323 2775 nec
340 2716 471 2789 exilium,
488 2716 624 2795 Scythici
639 2733 696 2779 nec
712 2719 799 2779 litora
813 2718 907 2793 ponti,

242 2800 295 2859 llle
310 2814 368 2859 nec
383 2799 476 2860 iratos
493 2803 584 2862 sentit
597 2802 712 2862 habere
727 2803 814 2862 deos.

200 2883 302 2958 thue
318 2883 510 2959 soporiferae
524 2885 660 2944 biberem
676 2887 702 2946 si
716 2887 829 2960 pocula
842 2883 965 2960 Lethes,

218 2983 220 2988 ·
240 2968 398 3041 Temporis
415 2968 538 3029 adversi
553 2969 599 3029 sic
613 2969 686 3028 milri
702 2984 814 3029 sensus
831 2969 926 3029 abest.

199 3050 268 3110 Iure
283 3051 357 3111 deas
373 3050 462 3126 igitur
477 3067 608 3112 veneror
621 3054 701 3113 mala
716 3059 821 3114 nostra
835 3053 983 3129 levantes,

148 3145 186 3202 llo
241 3131 396 3196 Sollicitae
412 3135 538 3197 comites
553 3151 593 3195 ex
606 3136 754 3198 Helicone
770 3138 870 3211 fugae,

197 3217 237 3279 tlt
251 3216 360 3292 parlim
376 3219 486 3295 pelago
502 3218 612 3294 partim
626 3221 757 3294 vestigia
771 3227 851 3282 terra

240 3301 300 3362 Vel
314 3307 380 3363 rate
395 3301 536 3378 dignatas
550 3305 600 3363 vel
616 3305 696 3378 pede
711 3309 816 3365 nostra
830 3302 929 3378 sequi.

199 3383 275 3459 Sint,
293 3399 412 3459 precor,
427 3383 487 3445 hae
502 3387 610 3446 saltem
625 3388 731 3448 faciles
746 3387 828 3448 mihi.
857 3402 992 3463 namquo
1008 3383 1128 3450 deornm
1151 3385 1155 3423 ⁴

239 3469 348 3530 cetera
363 3483 432 3528 oum
447 3482 559 3543 magno
576 3469 707 3531 caesare
721 3471 811 3531 turba
826 3469 905 3541 lacit,
