<?xml version="1.0" encoding="UTF-8"?>
<!DOCTYPE html PUBLIC "-//W3C//DTD XHTML 1.0 Transitional//EN"
    "http://www.w3.org/TR/xhtml1/DTD/xhtml1-transitional.dtd">
<html xmlns="http://www.w3.org/1999/xhtml" xml:lang="en" lang="en">
 <head>
  <title>
</title>
<meta http-equiv="Content-Type" content="text/html;charset=utf-8" />
  <meta name='ocr-system' content='tesseract 3.04.00' />
  <meta name='ocr-capabilities' content='ocr_page ocr_carea ocr_par ocr_line ocrx_word'/>
</head>
<body>
  <div class='ocr_page' id='page_1' title='image "./povidiusnasoexr00merkgoog_0230.png"; bbox 0 0 2318 3960; ppageno 0'>
   <div class='ocr_carea' id='block_1_1' title="bbox 439 192 1066 321">
    <p class='ocr_par' dir='ltr' id='par_1_1' title="bbox 439 192 1066 321">
     <span class='ocr_line' id='line_1_1' title="bbox 439 192 1066 321; baseline 0.01 -16"><span class='ocrx_word' id='word_1_1' title='bbox 439 245 464 312; x_wconf 84' lang='grc' dir='ltr'><strong>ι,</strong></span> <span class='ocrx_word' id='word_1_2' title='bbox 491 241 670 308; x_wconf 76' lang='lat' dir='ltr'><strong>uc-rru</strong></span> <span class='ocrx_word' id='word_1_3' title='bbox 888 192 890 196; x_wconf 24' lang='lat'>⁸</span> <span class='ocrx_word' id='word_1_4' title='bbox 1002 242 1066 321; x_wconf 81' lang='lat' dir='ltr'><strong>ua</strong></span> 
     </span>
    </p>
   </div>
   <div class='ocr_carea' id='block_1_2' title="bbox 10 397 1047 1924">
    <p class='ocr_par' dir='ltr' id='par_1_2' title="bbox 10 397 1047 1924">
     <span class='ocr_line' id='line_1_2' title="bbox 125 397 751 473; baseline -0.006 -12"><span class='ocrx_word' id='word_1_5' title='bbox 125 398 263 462; x_wconf 85' lang='lat' dir='ltr'><strong>intactae</strong></span> <span class='ocrx_word' id='word_1_6' title='bbox 279 398 404 458; x_wconf 85' lang='lat' dir='ltr'><strong>lucratis</strong></span> <span class='ocrx_word' id='word_1_7' title='bbox 420 412 512 472; x_wconf 87' lang='lat' dir='ltr'><strong>aves,</strong></span> <span class='ocrx_word' id='word_1_8' title='bbox 529 397 647 457; x_wconf 87' lang='lat' dir='ltr'><strong>solacia</strong></span> <span class='ocrx_word' id='word_1_9' title='bbox 663 398 751 473; x_wconf 89' lang='lat' dir='ltr'><strong>ruris,</strong></span> 
     </span>
     <span class='ocr_line' id='line_1_3' title="bbox 169 481 804 557; baseline -0.002 -15"><span class='ocrx_word' id='word_1_10' title='bbox 169 481 341 542; x_wconf 77' lang='lat' dir='ltr'><strong>Adsuetum</strong></span> <span class='ocrx_word' id='word_1_11' title='bbox 355 481 442 542; x_wconf 86' lang='lat' dir='ltr'><strong>silvis</strong></span> <span class='ocrx_word' id='word_1_12' title='bbox 457 481 682 556; x_wconf 87' lang='lat' dir='ltr'><strong>innocuumque</strong></span> <span class='ocrx_word' id='word_1_13' title='bbox 696 497 804 557; x_wconf 83' lang='lat' dir='ltr'><strong>genus,</strong></span> 
     </span>
     <span class='ocr_line' id='line_1_4' title="bbox 129 565 890 641; baseline -0.003 -13"><span class='ocrx_word' id='word_1_14' title='bbox 129 565 215 640; x_wconf 85' lang='lat' dir='ltr'><strong>Quae</strong></span> <span class='ocrx_word' id='word_1_15' title='bbox 232 565 332 626; x_wconf 81' lang='lat' dir='ltr'><strong>facitis</strong></span> <span class='ocrx_word' id='word_1_16' title='bbox 346 566 452 639; x_wconf 81' lang='lat' dir='ltr'><strong>nidos,</strong></span> <span class='ocrx_word' id='word_1_17' title='bbox 471 581 550 639; x_wconf 87' lang='lat' dir='ltr'><strong>quac</strong></span> <span class='ocrx_word' id='word_1_18' title='bbox 565 566 677 641; x_wconf 89' lang='lat' dir='ltr'>plumis</span> <span class='ocrx_word' id='word_1_19' title='bbox 694 582 754 626; x_wconf 88' lang='lat' dir='ltr'><strong>ova</strong></span> <span class='ocrx_word' id='word_1_20' title='bbox 770 565 890 639; x_wconf 82' lang='lat' dir='ltr'><strong>fovetis,</strong></span> 
     </span>
     <span class='ocr_line' id='line_1_5' title="bbox 170 649 739 711; baseline -0.007 -1"><span class='ocrx_word' id='word_1_21' title='bbox 170 649 208 711; x_wconf 80' lang='lat' dir='ltr'><strong>Et</strong></span> <span class='ocrx_word' id='word_1_22' title='bbox 222 649 303 709; x_wconf 84' lang='lat' dir='ltr'><strong>lucili</strong></span> <span class='ocrx_word' id='word_1_23' title='bbox 319 649 426 711; x_wconf 84' lang='lat' dir='ltr'>dulces</span> <span class='ocrx_word' id='word_1_24' title='bbox 443 649 533 710; x_wconf 89' lang='lat' dir='ltr'><strong>editis</strong></span> <span class='ocrx_word' id='word_1_25' title='bbox 549 664 603 709; x_wconf 94' lang='lat' dir='ltr'><strong>ore</strong></span> <span class='ocrx_word' id='word_1_26' title='bbox 618 651 739 710; x_wconf 87' lang='lat' dir='ltr'><strong>modos.</strong></span> 
     </span>
     <span class='ocr_line' id='line_1_6' title="bbox 10 718 960 810; baseline 0.006 -21"><span class='ocrx_word' id='word_1_27' title='bbox 10 718 27 758; x_wconf 69' lang='lat'><strong>&#39;⁸</strong></span> <span class='ocrx_word' id='word_1_28' title='bbox 55 735 112 791; x_wconf 75' lang='lat'><strong>445</strong></span> <span class='ocrx_word' id='word_1_29' title='bbox 128 733 193 794; x_wconf 91' lang='lat' dir='ltr'><strong>Sed</strong></span> <span class='ocrx_word' id='word_1_30' title='bbox 208 733 248 793; x_wconf 91' lang='lat' dir='ltr'><strong>nil</strong></span> <span class='ocrx_word' id='word_1_31' title='bbox 262 733 323 794; x_wconf 86' lang='lat' dir='ltr'><strong>ista</strong></span> <span class='ocrx_word' id='word_1_32' title='bbox 342 733 462 809; x_wconf 87' lang='lat' dir='ltr'><strong>iuvant,</strong></span> <span class='ocrx_word' id='word_1_33' title='bbox 478 735 550 809; x_wconf 89' lang='lat' dir='ltr'><strong>quia</strong></span> <span class='ocrx_word' id='word_1_34' title='bbox 564 733 687 808; x_wconf 81' lang='lat' dir='ltr'><strong>linguae</strong></span> <span class='ocrx_word' id='word_1_35' title='bbox 704 734 817 794; x_wconf 81' lang='lat' dir='ltr'><strong>crimen</strong></span> <span class='ocrx_word' id='word_1_36' title='bbox 832 733 960 810; x_wconf 87' lang='lat' dir='ltr'><strong>habetis,</strong></span> 
     </span>
     <span class='ocr_line' id='line_1_7' title="bbox 169 817 836 894; baseline -0.006 -14"><span class='ocrx_word' id='word_1_37' title='bbox 169 817 269 894; x_wconf 81' lang='lat' dir='ltr'>Dique</span> <span class='ocrx_word' id='word_1_38' title='bbox 290 824 397 894; x_wconf 87' lang='lat' dir='ltr'><strong>putant</strong></span> <span class='ocrx_word' id='word_1_39' title='bbox 411 825 529 878; x_wconf 85' lang='lat' dir='ltr'><strong>mentes</strong></span> <span class='ocrx_word' id='word_1_40' title='bbox 546 833 604 878; x_wconf 90' lang='lat' dir='ltr'><strong>vos</strong></span> <span class='ocrx_word' id='word_1_41' title='bbox 618 819 738 893; x_wconf 88' lang='lat' dir='ltr'><strong>aperire</strong></span> <span class='ocrx_word' id='word_1_42' title='bbox 753 835 836 879; x_wconf 89' lang='lat' dir='ltr'><strong>suas.</strong></span> 
     </span>
     <span class='ocr_line' id='line_1_8' title="bbox 126 901 1047 979; baseline 0.003 -18"><span class='ocrx_word' id='word_1_43' title='bbox 126 901 190 961; x_wconf 84' lang='lat' dir='ltr'><strong>Nec</strong></span> <span class='ocrx_word' id='word_1_44' title='bbox 205 909 305 963; x_wconf 68' lang='lat' dir='ltr'><strong>umen</strong></span> <span class='ocrx_word' id='word_1_45' title='bbox 321 903 381 963; x_wconf 85' lang='lat' dir='ltr'><strong>lroc</strong></span> <span class='ocrx_word' id='word_1_46' title='bbox 396 903 517 963; x_wconf 83' lang='lat' dir='ltr'><strong>falsum.</strong></span> <span class='ocrx_word' id='word_1_47' title='bbox 548 918 627 973; x_wconf 89' lang='lat' dir='ltr'><strong>narn,</strong></span> <span class='ocrx_word' id='word_1_48' title='bbox 645 903 693 962; x_wconf 92' lang='lat' dir='ltr'><strong>dis</strong></span> <span class='ocrx_word' id='word_1_49' title='bbox 708 909 741 962; x_wconf 92' lang='lat' dir='ltr'><strong>ut</strong></span> <span class='ocrx_word' id='word_1_50' title='bbox 756 902 896 978; x_wconf 85' lang='lat' dir='ltr'><strong>proxima</strong></span> <span class='ocrx_word' id='word_1_51' title='bbox 910 918 1047 979; x_wconf 84' lang='lat' dir='ltr'><strong>quaeque</strong></span> 
     </span>
     <span class='ocr_line' id='line_1_9' title="bbox 168 985 869 1063; baseline -0.001 -18"><span class='ocrx_word' id='word_1_52' title='bbox 168 985 255 1046; x_wconf 87' lang='lat' dir='ltr'><strong>Nunc</strong></span> <span class='ocrx_word' id='word_1_53' title='bbox 269 985 364 1063; x_wconf 88' lang='lat' dir='ltr'><strong>pinna</strong></span> <span class='ocrx_word' id='word_1_54' title='bbox 380 1002 480 1061; x_wconf 90' lang='lat' dir='ltr'><strong>veras,</strong></span> <span class='ocrx_word' id='word_1_55' title='bbox 502 1000 583 1046; x_wconf 91' lang='lat' dir='ltr'><strong>nunc</strong></span> <span class='ocrx_word' id='word_1_56' title='bbox 606 985 685 1045; x_wconf 88' lang='lat' dir='ltr'><strong>datis</strong></span> <span class='ocrx_word' id='word_1_57' title='bbox 701 1001 756 1046; x_wconf 88' lang='lat' dir='ltr'><strong>ore</strong></span> <span class='ocrx_word' id='word_1_58' title='bbox 770 993 869 1047; x_wconf 87' lang='lat' dir='ltr'><strong>notas.</strong></span> 
     </span>
     <span class='ocr_line' id='line_1_10' title="bbox 126 1068 965 1146; baseline 0.004 -17"><span class='ocrx_word' id='word_1_59' title='bbox 126 1069 205 1131; x_wconf 84' lang='lat' dir='ltr'><strong>Tuta</strong></span> <span class='ocrx_word' id='word_1_60' title='bbox 219 1069 272 1130; x_wconf 91' lang='lat' dir='ltr'><strong>diu</strong></span> <span class='ocrx_word' id='word_1_61' title='bbox 284 1070 445 1131; x_wconf 88' lang='lat' dir='ltr'><strong>volucrum</strong></span> <span class='ocrx_word' id='word_1_62' title='bbox 459 1072 562 1146; x_wconf 89' lang='lat' dir='ltr'><strong>proles</strong></span> <span class='ocrx_word' id='word_1_63' title='bbox 578 1074 640 1128; x_wconf 85' lang='lat' dir='ltr'><strong>turn</strong></span> <span class='ocrx_word' id='word_1_64' title='bbox 654 1068 787 1144; x_wconf 89' lang='lat' dir='ltr'><strong>denique</strong></span> <span class='ocrx_word' id='word_1_65' title='bbox 803 1086 895 1131; x_wconf 88' lang='lat' dir='ltr'><strong>caesa</strong></span> <span class='ocrx_word' id='word_1_66' title='bbox 909 1079 965 1146; x_wconf 84' lang='lat' dir='ltr'><strong>cst,</strong></span> 
     </span>
     <span class='ocr_line' id='line_1_11' title="bbox 55 1153 743 1230; baseline -0.01 -12"><span class='ocrx_word' id='word_1_67' title='bbox 55 1165 109 1218; x_wconf 69' lang='lat'><strong>450</strong></span> <span class='ocrx_word' id='word_1_68' title='bbox 165 1153 370 1230; x_wconf 84' lang='lat' dir='ltr'><strong>laveruntque</strong></span> <span class='ocrx_word' id='word_1_69' title='bbox 383 1154 461 1215; x_wconf 91' lang='lat' dir='ltr'><strong>deos</strong></span> <span class='ocrx_word' id='word_1_70' title='bbox 475 1153 585 1214; x_wconf 92' lang='lat' dir='ltr'><strong>indicis</strong></span> <span class='ocrx_word' id='word_1_71' title='bbox 600 1159 672 1213; x_wconf 85' lang='lat' dir='ltr'><strong>exta</strong></span> <span class='ocrx_word' id='word_1_72' title='bbox 686 1153 743 1214; x_wconf 85' lang='lat' dir='ltr'><strong>sui.</strong></span> 
     </span>
     <span class='ocr_line' id='line_1_12' title="bbox 126 1236 812 1313; baseline 0.003 -16"><span class='ocrx_word' id='word_1_73' title='bbox 126 1238 209 1312; x_wconf 81' lang='lat' dir='ltr'><strong>Ergo</strong></span> <span class='ocrx_word' id='word_1_74' title='bbox 225 1253 321 1313; x_wconf 89' lang='lat' dir='ltr'><strong>saepe</strong></span> <span class='ocrx_word' id='word_1_75' title='bbox 335 1255 394 1300; x_wconf 88' lang='lat' dir='ltr'><strong>suo</strong></span> <span class='ocrx_word' id='word_1_76' title='bbox 410 1239 545 1299; x_wconf 89' lang='lat' dir='ltr'><strong>coniunx</strong></span> <span class='ocrx_word' id='word_1_77' title='bbox 558 1236 692 1298; x_wconf 87' lang='lat' dir='ltr'><strong>abducta</strong></span> <span class='ocrx_word' id='word_1_78' title='bbox 705 1238 812 1299; x_wconf 88' lang='lat' dir='ltr'><strong>marito</strong></span> 
     </span>
     <span class='ocr_line' id='line_1_13' title="bbox 168 1321 735 1384; baseline -0.005 -2"><span class='ocrx_word' id='word_1_79' title='bbox 168 1321 271 1382; x_wconf 87' lang='lat' dir='ltr'><strong>Uritur</strong></span> <span class='ocrx_word' id='word_1_80' title='bbox 284 1322 389 1384; x_wconf 82' lang='lat' dir='ltr'><strong>Idaliis</strong></span> <span class='ocrx_word' id='word_1_81' title='bbox 404 1323 475 1383; x_wconf 86' lang='lat' dir='ltr'><strong>alba</strong></span> <span class='ocrx_word' id='word_1_82' title='bbox 490 1322 631 1382; x_wconf 88' lang='lat' dir='ltr'><strong>columba</strong></span> <span class='ocrx_word' id='word_1_83' title='bbox 647 1321 735 1382; x_wconf 90' lang='lat' dir='ltr'><strong>locis.</strong></span> 
     </span>
     <span class='ocr_line' id='line_1_14' title="bbox 127 1405 934 1482; baseline 0.002 -18"><span class='ocrx_word' id='word_1_84' title='bbox 127 1405 190 1466; x_wconf 91' lang='lat' dir='ltr'><strong>Nec</strong></span> <span class='ocrx_word' id='word_1_85' title='bbox 205 1405 335 1467; x_wconf 84' lang='lat' dir='ltr'><strong>detensa</strong></span> <span class='ocrx_word' id='word_1_86' title='bbox 349 1406 455 1470; x_wconf 87' lang='lat' dir='ltr'><strong>iuvant</strong></span> <span class='ocrx_word' id='word_1_87' title='bbox 470 1406 632 1482; x_wconf 85' lang='lat' dir='ltr'><strong>Capitolia,</strong></span> <span class='ocrx_word' id='word_1_88' title='bbox 651 1422 712 1481; x_wconf 88' lang='lat' dir='ltr'><strong>quo</strong></span> <span class='ocrx_word' id='word_1_89' title='bbox 727 1406 828 1466; x_wconf 90' lang='lat' dir='ltr'><strong>minus</strong></span> <span class='ocrx_word' id='word_1_90' title='bbox 843 1423 934 1466; x_wconf 82' lang='lat' dir='ltr'><strong>anser</strong></span> 
     </span>
     <span class='ocr_line' id='line_1_15' title="bbox 167 1489 820 1566; baseline 0 -18"><span class='ocrx_word' id='word_1_91' title='bbox 167 1490 225 1551; x_wconf 89' lang='lat' dir='ltr'><strong>Det</strong></span> <span class='ocrx_word' id='word_1_92' title='bbox 235 1489 320 1550; x_wconf 88' lang='lat' dir='ltr'><strong>iecur</strong></span> <span class='ocrx_word' id='word_1_93' title='bbox 334 1491 364 1550; x_wconf 95' lang='lat' dir='ltr'><strong>in</strong></span> <span class='ocrx_word' id='word_1_94' title='bbox 379 1491 494 1564; x_wconf 88' lang='lat' dir='ltr'><strong>lances,</strong></span> <span class='ocrx_word' id='word_1_95' title='bbox 510 1491 613 1550; x_wconf 87' lang='lat' dir='ltr'><strong>inachi</strong></span> <span class='ocrx_word' id='word_1_96' title='bbox 628 1493 723 1566; x_wconf 88' lang='lat' dir='ltr'><strong>lauta,</strong></span> <span class='ocrx_word' id='word_1_97' title='bbox 741 1497 820 1551; x_wconf 82' lang='lat' dir='ltr'><strong>tuas.</strong></span> 
     </span>
     <span class='ocr_line' id='line_1_16' title="bbox 10 1566 821 1647; baseline -0.005 -8"><span class='ocrx_word' id='word_1_98' title='bbox 10 1566 13 1639; x_wconf 73' lang='grc' dir='ltr'><em>ἓ</em></span> <span class='ocrx_word' id='word_1_99' title='bbox 59 1582 114 1636; x_wconf 75' lang='lat' dir='ltr'><strong>tao</strong></span> <span class='ocrx_word' id='word_1_100' title='bbox 128 1573 226 1634; x_wconf 82' lang='lat' dir='ltr'><strong>Nocte</strong></span> <span class='ocrx_word' id='word_1_101' title='bbox 240 1574 319 1634; x_wconf 86' lang='lat' dir='ltr'><strong>deae</strong></span> <span class='ocrx_word' id='word_1_102' title='bbox 332 1575 419 1636; x_wconf 88' lang='lat' dir='ltr'><strong>Nocti</strong></span> <span class='ocrx_word' id='word_1_103' title='bbox 435 1575 577 1637; x_wconf 85' lang='lat' dir='ltr'><strong>cristatus</strong></span> <span class='ocrx_word' id='word_1_104' title='bbox 592 1575 732 1635; x_wconf 81' lang='lat' dir='ltr'><strong>caeditur</strong></span> <span class='ocrx_word' id='word_1_105' title='bbox 746 1576 821 1647; x_wconf 88' lang='lat' dir='ltr'><strong>ales,</strong></span> 
     </span>
     <span class='ocr_line' id='line_1_17' title="bbox 170 1655 848 1735; baseline 0.006 -17"><span class='ocrx_word' id='word_1_106' title='bbox 170 1657 259 1732; x_wconf 83' lang='lat' dir='ltr'><strong>Quod</strong></span> <span class='ocrx_word' id='word_1_107' title='bbox 273 1660 411 1735; x_wconf 85' lang='lat' dir='ltr'><strong>tepidum</strong></span> <span class='ocrx_word' id='word_1_108' title='bbox 427 1659 511 1734; x_wconf 81' lang='lat' dir='ltr'><strong>vigili</strong></span> <span class='ocrx_word' id='word_1_109' title='bbox 526 1665 676 1735; x_wconf 83' lang='lat' dir='ltr'><strong>provocet</strong></span> <span class='ocrx_word' id='word_1_110' title='bbox 690 1675 743 1719; x_wconf 93' lang='lat' dir='ltr'><strong>ore</strong></span> <span class='ocrx_word' id='word_1_111' title='bbox 759 1655 848 1722; x_wconf 90' lang='lat' dir='ltr'><strong>diem.</strong></span> 
     </span>
     <span class='ocr_line' id='line_1_18' title="bbox 128 1741 896 1820; baseline 0.004 -19"><span class='ocrx_word' id='word_1_112' title='bbox 128 1741 249 1802; x_wconf 84' lang='lat' dir='ltr'><strong>Interea</strong></span> <span class='ocrx_word' id='word_1_113' title='bbox 263 1743 394 1820; x_wconf 88' lang='lat' dir='ltr'><strong>Delphin</strong></span> <span class='ocrx_word' id='word_1_114' title='bbox 410 1745 525 1805; x_wconf 86' lang='lat' dir='ltr'><strong>clarum</strong></span> <span class='ocrx_word' id='word_1_115' title='bbox 540 1759 635 1819; x_wconf 90' lang='lat' dir='ltr'><strong>super</strong></span> <span class='ocrx_word' id='word_1_116' title='bbox 652 1759 790 1819; x_wconf 87' lang='lat' dir='ltr'><strong>aequora</strong></span> <span class='ocrx_word' id='word_1_117' title='bbox 809 1744 896 1804; x_wconf 90' lang='lat' dir='ltr'><strong>sidus</strong></span> 
     </span>
     <span class='ocr_line' id='line_1_19' title="bbox 10 1827 781 1924; baseline 0.001 -38"><span class='ocrx_word' id='word_1_118' title='bbox 10 1870 30 1924; x_wconf 36' lang='grc' dir='ltr'><strong>Ν</strong></span> <span class='ocrx_word' id='word_1_119' title='bbox 167 1827 308 1902; x_wconf 82' lang='lat' dir='ltr'><strong>Tollitur,</strong></span> <span class='ocrx_word' id='word_1_120' title='bbox 324 1832 354 1887; x_wconf 90' lang='lat' dir='ltr'><strong>et</strong></span> <span class='ocrx_word' id='word_1_121' title='bbox 375 1827 481 1902; x_wconf 85' lang='lat' dir='ltr'><strong>patriis</strong></span> <span class='ocrx_word' id='word_1_122' title='bbox 497 1827 594 1888; x_wconf 80' lang='lat' dir='ltr'><strong>exerit</strong></span> <span class='ocrx_word' id='word_1_123' title='bbox 610 1843 664 1887; x_wconf 87' lang='lat' dir='ltr'><strong>ora</strong></span> <span class='ocrx_word' id='word_1_124' title='bbox 682 1828 781 1887; x_wconf 88' lang='lat' dir='ltr'><strong>vadis.</strong></span> 
     </span>
    </p>
   </div>
   <div class='ocr_carea' id='block_1_3' title="bbox 466 1959 646 2022">
    <p class='ocr_par' dir='ltr' id='par_1_3' title="bbox 466 1959 646 2022">
     <span class='ocr_line' id='line_1_20' title="bbox 466 1959 646 2022; baseline -0.017 0"><span class='ocrx_word' id='word_1_125' title='bbox 466 1959 516 2022; x_wconf 84' lang='lat'><strong>10.</strong></span> <span class='ocrx_word' id='word_1_126' title='bbox 544 1961 568 2020; x_wconf 91' lang='grc' dir='ltr'>Β</span> <span class='ocrx_word' id='word_1_127' title='bbox 591 1961 646 2019; x_wconf 83' lang='grc' dir='ltr'><strong>ΕΝ</strong></span> 
     </span>
    </p>
   </div>
   <div class='ocr_carea' id='block_1_4' title="bbox 10 2077 898 2253">
    <p class='ocr_par' dir='ltr' id='par_1_4' title="bbox 10 2077 898 2253">
     <span class='ocr_line' id='line_1_21' title="bbox 10 2077 898 2166; baseline 0.006 -30"><span class='ocrx_word' id='word_1_128' title='bbox 10 2136 15 2166; x_wconf 69' lang='lat'><em>÷</em></span> <span class='ocrx_word' id='word_1_129' title='bbox 128 2077 256 2140; x_wconf 85' lang='lat' dir='ltr'><strong>Postera</strong></span> <span class='ocrx_word' id='word_1_130' title='bbox 269 2082 323 2142; x_wconf 90' lang='lat' dir='ltr'><strong>lux</strong></span> <span class='ocrx_word' id='word_1_131' title='bbox 337 2081 467 2140; x_wconf 86' lang='lat' dir='ltr'><strong>hiemem</strong></span> <span class='ocrx_word' id='word_1_132' title='bbox 481 2081 581 2141; x_wconf 91' lang='lat' dir='ltr'><strong>medio</strong></span> <span class='ocrx_word' id='word_1_133' title='bbox 597 2079 771 2140; x_wconf 82' lang='lat' dir='ltr'><strong>discrimine</strong></span> <span class='ocrx_word' id='word_1_134' title='bbox 786 2081 898 2156; x_wconf 84' lang='lat' dir='ltr'><strong>signal,</strong></span> 
     </span>
     <span class='ocr_line' id='line_1_22' title="bbox 10 2162 895 2253; baseline -0.002 -28"><span class='ocrx_word' id='word_1_135' title='bbox 10 2182 17 2253; x_wconf 67' lang='grc' dir='ltr'><em>ς</em></span> <span class='ocrx_word' id='word_1_136' title='bbox 53 2170 110 2226; x_wconf 80' lang='lat' dir='ltr'><strong>too</strong></span> <span class='ocrx_word' id='word_1_137' title='bbox 164 2162 336 2242; x_wconf 83' lang='lat' dir='ltr'><strong>Aequaque</strong></span> <span class='ocrx_word' id='word_1_138' title='bbox 351 2165 533 2240; x_wconf 88' lang='lat' dir='ltr'><strong>praeteritae</strong></span> <span class='ocrx_word' id='word_1_139' title='bbox 549 2180 628 2240; x_wconf 89' lang='lat' dir='ltr'><strong>quae</strong></span> <span class='ocrx_word' id='word_1_140' title='bbox 642 2163 807 2240; x_wconf 85' lang='lat' dir='ltr'><strong>superabit,</strong></span> <span class='ocrx_word' id='word_1_141' title='bbox 828 2165 895 2226; x_wconf 90' lang='lat' dir='ltr'><strong>erit.</strong></span> 
     </span>
    </p>
   </div>
   <div class='ocr_carea' id='block_1_5' title="bbox 334 2288 806 2360">
    <p class='ocr_par' dir='ltr' id='par_1_5' title="bbox 334 2288 806 2360">
     <span class='ocr_line' id='line_1_23' title="bbox 334 2288 806 2360; baseline 0 0"><span class='ocrx_word' id='word_1_142' title='bbox 334 2296 384 2360; x_wconf 91' lang='lat' dir='ltr'><strong>ll.</strong></span> <span class='ocrx_word' id='word_1_143' title='bbox 414 2299 613 2359; x_wconf 76' lang='lat' dir='ltr'><strong>CCAR·lP</strong></span> <span class='ocrx_word' id='word_1_144' title='bbox 657 2296 706 2359; x_wconf 76' lang='lat'><strong>12.</strong></span> <span class='ocrx_word' id='word_1_145' title='bbox 730 2288 806 2360; x_wconf 46' lang='lat' dir='ltr'><strong>DC&#39;</strong></span> 
     </span>
    </p>
   </div>
   <div class='ocr_carea' id='block_1_6' title="bbox 10 2415 997 3587">
    <p class='ocr_par' dir='ltr' id='par_1_6' title="bbox 10 2415 997 3587">
     <span class='ocr_line' id='line_1_24' title="bbox 130 2415 847 2490; baseline -0.001 -11"><span class='ocrx_word' id='word_1_146' title='bbox 130 2416 270 2479; x_wconf 83' lang='lat' dir='ltr'><strong>Proxima</strong></span> <span class='ocrx_word' id='word_1_147' title='bbox 284 2415 451 2490; x_wconf 79' lang='lat' dir='ltr'><strong>prospiciet</strong></span> <span class='ocrx_word' id='word_1_148' title='bbox 464 2415 593 2477; x_wconf 86' lang='lat' dir='ltr'><strong>Tithono</strong></span> <span class='ocrx_word' id='word_1_149' title='bbox 607 2416 728 2477; x_wconf 83' lang='lat' dir='ltr'><strong>Aurora</strong></span> <span class='ocrx_word' id='word_1_150' title='bbox 742 2417 847 2478; x_wconf 82' lang='lat' dir='ltr'><strong>relicto</strong></span> 
     </span>
     <span class='ocr_line' id='line_1_25' title="bbox 169 2499 757 2575; baseline -0.003 -15"><span class='ocrx_word' id='word_1_151' title='bbox 169 2499 322 2560; x_wconf 82' lang='lat' dir='ltr'><strong>Arcadiae</strong></span> <span class='ocrx_word' id='word_1_152' title='bbox 344 2514 465 2560; x_wconf 87' lang='lat' dir='ltr'><strong>sacrum</strong></span> <span class='ocrx_word' id='word_1_153' title='bbox 480 2500 655 2575; x_wconf 82' lang='lat' dir='ltr'><strong>pontificale</strong></span> <span class='ocrx_word' id='word_1_154' title='bbox 670 2501 757 2562; x_wconf 90' lang='lat' dir='ltr'><strong>deae.</strong></span> 
     </span>
     <span class='ocr_line' id='line_1_26' title="bbox 10 2582 985 2663; baseline 0.004 -19"><span class='ocrx_word' id='word_1_155' title='bbox 10 2606 12 2613; x_wconf 64' lang='grc'><em>’</em></span> <span class='ocrx_word' id='word_1_156' title='bbox 128 2585 171 2647; x_wconf 85' lang='lat' dir='ltr'><strong>Te</strong></span> <span class='ocrx_word' id='word_1_157' title='bbox 185 2598 311 2660; x_wconf 91' lang='lat' dir='ltr'><strong>quoque</strong></span> <span class='ocrx_word' id='word_1_158' title='bbox 325 2582 377 2642; x_wconf 87' lang='lat' dir='ltr'><strong>lux</strong></span> <span class='ocrx_word' id='word_1_159' title='bbox 392 2585 515 2658; x_wconf 87' lang='lat' dir='ltr'><strong>eadem,</strong></span> <span class='ocrx_word' id='word_1_160' title='bbox 535 2584 626 2644; x_wconf 85' lang='lat' dir='ltr'><strong>Turni</strong></span> <span class='ocrx_word' id='word_1_161' title='bbox 642 2600 745 2657; x_wconf 87' lang='lat' dir='ltr'><strong>soror,</strong></span> <span class='ocrx_word' id='word_1_162' title='bbox 770 2585 848 2646; x_wconf 89' lang='lat' dir='ltr'><strong>aede</strong></span> <span class='ocrx_word' id='word_1_163' title='bbox 862 2588 985 2663; x_wconf 83' lang='lat' dir='ltr'><strong>recepit,</strong></span> 
     </span>
     <span class='ocr_line' id='line_1_27' title="bbox 167 2665 824 2744; baseline -0.002 -16"><span class='ocrx_word' id='word_1_164' title='bbox 167 2668 224 2729; x_wconf 88' lang='lat' dir='ltr'><strong>Hic</strong></span> <span class='ocrx_word' id='word_1_165' title='bbox 240 2665 292 2726; x_wconf 94' lang='lat' dir='ltr'><strong>ubi</strong></span> <span class='ocrx_word' id='word_1_166' title='bbox 306 2667 454 2743; x_wconf 82' lang='lat' dir='ltr'><strong>Virginea</strong></span> <span class='ocrx_word' id='word_1_167' title='bbox 469 2668 602 2744; x_wconf 84' lang='lat' dir='ltr'><strong>Campus</strong></span> <span class='ocrx_word' id='word_1_168' title='bbox 617 2669 718 2730; x_wconf 86' lang='lat' dir='ltr'><strong>obitur</strong></span> <span class='ocrx_word' id='word_1_169' title='bbox 732 2685 824 2744; x_wconf 86' lang='lat' dir='ltr'><strong>aqua.</strong></span> 
     </span>
     <span class='ocr_line' id='line_1_28' title="bbox 54 2753 969 2828; baseline -0.004 -9"><span class='ocrx_word' id='word_1_170' title='bbox 54 2764 108 2819; x_wconf 73' lang='lat'><strong>465</strong></span> <span class='ocrx_word' id='word_1_171' title='bbox 124 2753 214 2815; x_wconf 89' lang='lat' dir='ltr'><strong>Unde</strong></span> <span class='ocrx_word' id='word_1_172' title='bbox 229 2757 331 2826; x_wconf 87' lang='lat' dir='ltr'><strong>petam</strong></span> <span class='ocrx_word' id='word_1_173' title='bbox 346 2767 457 2812; x_wconf 88' lang='lat' dir='ltr'><strong>causas</strong></span> <span class='ocrx_word' id='word_1_174' title='bbox 474 2753 582 2813; x_wconf 86' lang='lat' dir='ltr'><strong>horunr</strong></span> <span class='ocrx_word' id='word_1_175' title='bbox 596 2769 774 2828; x_wconf 87' lang='lat' dir='ltr'><strong>moremque</strong></span> <span class='ocrx_word' id='word_1_176' title='bbox 790 2762 969 2816; x_wconf 77' lang='lat' dir='ltr'><strong>sacrorurnt</strong></span> 
     </span>
     <span class='ocr_line' id='line_1_29' title="bbox 169 2834 820 2913; baseline 0 -17"><span class='ocrx_word' id='word_1_177' title='bbox 169 2835 288 2911; x_wconf 82' lang='lat' dir='ltr'><strong>Diriget</strong></span> <span class='ocrx_word' id='word_1_178' title='bbox 301 2834 333 2896; x_wconf 93' lang='lat' dir='ltr'><strong>in</strong></span> <span class='ocrx_word' id='word_1_179' title='bbox 347 2836 450 2898; x_wconf 87' lang='lat' dir='ltr'><strong>medio</strong></span> <span class='ocrx_word' id='word_1_180' title='bbox 467 2837 537 2913; x_wconf 93' lang='lat' dir='ltr'><strong>quis</strong></span> <span class='ocrx_word' id='word_1_181' title='bbox 553 2854 622 2897; x_wconf 89' lang='lat' dir='ltr'><strong>mea</strong></span> <span class='ocrx_word' id='word_1_182' title='bbox 637 2839 707 2897; x_wconf 89' lang='lat' dir='ltr'><strong>vela</strong></span> <span class='ocrx_word' id='word_1_183' title='bbox 721 2838 820 2897; x_wconf 74' lang='lat' dir='ltr'><strong>lretoi</strong></span> 
     </span>
     <span class='ocr_line' id='line_1_30' title="bbox 126 2921 997 2999; baseline 0.002 -18"><span class='ocrx_word' id='word_1_184' title='bbox 126 2922 200 2998; x_wconf 90' lang='lat' dir='ltr'><strong>Ipsa</strong></span> <span class='ocrx_word' id='word_1_185' title='bbox 214 2934 320 2992; x_wconf 90' lang='lat' dir='ltr'><strong>mone,</strong></span> <span class='ocrx_word' id='word_1_186' title='bbox 341 2937 422 2996; x_wconf 89' lang='lat' dir='ltr'><strong>quae</strong></span> <span class='ocrx_word' id='word_1_187' title='bbox 436 2938 547 2983; x_wconf 88' lang='lat' dir='ltr'><strong>nomen</strong></span> <span class='ocrx_word' id='word_1_188' title='bbox 562 2921 659 2982; x_wconf 87' lang='lat' dir='ltr'><strong>habes</strong></span> <span class='ocrx_word' id='word_1_189' title='bbox 678 2939 697 2982; x_wconf 88' lang='lat' dir='ltr'><strong>a</strong></span> <span class='ocrx_word' id='word_1_190' title='bbox 712 2922 844 2982; x_wconf 87' lang='lat' dir='ltr'><strong>eanniue</strong></span> <span class='ocrx_word' id='word_1_191' title='bbox 864 2922 997 2999; x_wconf 84' lang='lat' dir='ltr'><strong>ductum,</strong></span> 
     </span>
     <span class='ocr_line' id='line_1_31' title="bbox 166 3003 852 3080; baseline 0 -16"><span class='ocrx_word' id='word_1_192' title='bbox 166 3003 394 3080; x_wconf 89' lang='lat' dir='ltr'><strong>Propositoquc</strong></span> <span class='ocrx_word' id='word_1_193' title='bbox 409 3006 494 3077; x_wconf 89' lang='lat' dir='ltr'><strong>lave,</strong></span> <span class='ocrx_word' id='word_1_194' title='bbox 510 3021 549 3065; x_wconf 94' lang='lat' dir='ltr'><strong>ne</strong></span> <span class='ocrx_word' id='word_1_195' title='bbox 563 3013 633 3067; x_wconf 90' lang='lat' dir='ltr'><strong>tuus</strong></span> <span class='ocrx_word' id='word_1_196' title='bbox 648 3013 728 3066; x_wconf 82' lang='lat' dir='ltr'><strong>erret</strong></span> <span class='ocrx_word' id='word_1_197' title='bbox 742 3005 852 3065; x_wconf 92' lang='lat' dir='ltr'><strong>honor.</strong></span> 
     </span>
     <span class='ocr_line' id='line_1_32' title="bbox 129 3086 821 3166; baseline -0.004 -17"><span class='ocrx_word' id='word_1_198' title='bbox 129 3086 202 3150; x_wconf 88' lang='lat' dir='ltr'><strong>Orta</strong></span> <span class='ocrx_word' id='word_1_199' title='bbox 214 3087 300 3164; x_wconf 91' lang='lat' dir='ltr'><strong>prior</strong></span> <span class='ocrx_word' id='word_1_200' title='bbox 314 3088 416 3149; x_wconf 89' lang='lat' dir='ltr'><strong>luna...</strong></span> <span class='ocrx_word' id='word_1_201' title='bbox 434 3090 473 3149; x_wconf 93' lang='lat' dir='ltr'><strong>de</strong></span> <span class='ocrx_word' id='word_1_202' title='bbox 488 3105 523 3149; x_wconf 92' lang='lat' dir='ltr'><strong>se</strong></span> <span class='ocrx_word' id='word_1_203' title='bbox 538 3090 564 3149; x_wconf 92' lang='lat' dir='ltr'><strong>si</strong></span> <span class='ocrx_word' id='word_1_204' title='bbox 583 3090 716 3151; x_wconf 88' lang='lat' dir='ltr'><strong>creditur</strong></span> <span class='ocrx_word' id='word_1_205' title='bbox 730 3090 821 3166; x_wconf 90' lang='lat' dir='ltr'><strong>ipsi...</strong></span> 
     </span>
     <span class='ocr_line' id='line_1_33' title="bbox 54 3173 800 3248; baseline -0.003 -13"><span class='ocrx_word' id='word_1_206' title='bbox 54 3181 108 3236; x_wconf 79' lang='lat' dir='ltr'><strong>tto</strong></span> <span class='ocrx_word' id='word_1_207' title='bbox 158 3173 188 3233; x_wconf 88' lang='lat' dir='ltr'><strong>A</strong></span> <span class='ocrx_word' id='word_1_208' title='bbox 202 3189 314 3248; x_wconf 80' lang='lat' dir='ltr'><strong>magno</strong></span> <span class='ocrx_word' id='word_1_209' title='bbox 332 3173 421 3236; x_wconf 83' lang='lat' dir='ltr'><strong>tellus</strong></span> <span class='ocrx_word' id='word_1_210' title='bbox 435 3174 558 3235; x_wconf 81' lang='lat' dir='ltr'><strong>Arcade</strong></span> <span class='ocrx_word' id='word_1_211' title='bbox 573 3191 684 3235; x_wconf 90' lang='lat' dir='ltr'><strong>nomen</strong></span> <span class='ocrx_word' id='word_1_212' title='bbox 699 3175 800 3234; x_wconf 88' lang='lat' dir='ltr'><strong>habet.</strong></span> 
     </span>
     <span class='ocr_line' id='line_1_34' title="bbox 10 3255 983 3334; baseline -0.002 -16"><span class='ocrx_word' id='word_1_213' title='bbox 10 3264 20 3303; x_wconf 51' lang='grc' dir='ltr'>Β</span> <span class='ocrx_word' id='word_1_214' title='bbox 126 3257 184 3318; x_wconf 89' lang='lat' dir='ltr'><strong>Hic</strong></span> <span class='ocrx_word' id='word_1_215' title='bbox 204 3255 260 3317; x_wconf 89' lang='lat' dir='ltr'><strong>luit</strong></span> <span class='ocrx_word' id='word_1_216' title='bbox 272 3257 426 3318; x_wconf 83' lang='lat' dir='ltr'><strong>Euander.</strong></span> <span class='ocrx_word' id='word_1_217' title='bbox 461 3256 512 3332; x_wconf 89' lang='lat' dir='ltr'><strong>qui</strong></span> <span class='ocrx_word' id='word_1_218' title='bbox 530 3275 714 3334; x_wconf 89' lang='lat' dir='ltr'><strong>quamquam</strong></span> <span class='ocrx_word' id='word_1_219' title='bbox 729 3261 829 3319; x_wconf 89' lang='lat' dir='ltr'><strong>clarus</strong></span> <span class='ocrx_word' id='word_1_220' title='bbox 845 3263 983 3333; x_wconf 78' lang='lat' dir='ltr'><strong>auoque,</strong></span> 
     </span>
     <span class='ocr_line' id='line_1_35' title="bbox 166 3340 803 3417; baseline 0 -17"><span class='ocrx_word' id='word_1_221' title='bbox 166 3340 307 3401; x_wconf 88' lang='lat' dir='ltr'><strong>Nobilior</strong></span> <span class='ocrx_word' id='word_1_222' title='bbox 322 3357 430 3402; x_wconf 88' lang='lat' dir='ltr'><strong>sacrae</strong></span> <span class='ocrx_word' id='word_1_223' title='bbox 446 3341 595 3417; x_wconf 79' lang='lat' dir='ltr'><strong>sanguine</strong></span> <span class='ocrx_word' id='word_1_224' title='bbox 610 3344 713 3403; x_wconf 87' lang='lat' dir='ltr'><strong>matris</strong></span> <span class='ocrx_word' id='word_1_225' title='bbox 729 3349 803 3403; x_wconf 87' lang='lat' dir='ltr'><strong>erat.</strong></span> 
     </span>
     <span class='ocr_line' id='line_1_36' title="bbox 127 3423 926 3502; baseline -0.001 -16"><span class='ocrx_word' id='word_1_226' title='bbox 127 3423 212 3501; x_wconf 79' lang='lat' dir='ltr'><strong>Quae</strong></span> <span class='ocrx_word' id='word_1_227' title='bbox 226 3423 318 3486; x_wconf 86' lang='lat' dir='ltr'><strong>simul</strong></span> <span class='ocrx_word' id='word_1_228' title='bbox 337 3425 498 3487; x_wconf 88' lang='lat' dir='ltr'><strong>aethereos</strong></span> <span class='ocrx_word' id='word_1_229' title='bbox 514 3426 614 3485; x_wconf 88' lang='lat' dir='ltr'><strong>animo</strong></span> <span class='ocrx_word' id='word_1_230' title='bbox 631 3433 815 3502; x_wconf 87' lang='lat' dir='ltr'><strong>conceperat</strong></span> <span class='ocrx_word' id='word_1_231' title='bbox 829 3423 926 3501; x_wconf 83' lang='lat' dir='ltr'><strong>ignes,</strong></span> 
     </span>
     <span class='ocr_line' id='line_1_37' title="bbox 170 3507 755 3587; baseline -0.002 -16"><span class='ocrx_word' id='word_1_232' title='bbox 170 3509 229 3572; x_wconf 86' lang='lat' dir='ltr'><strong>Ore</strong></span> <span class='ocrx_word' id='word_1_233' title='bbox 244 3507 338 3570; x_wconf 87' lang='lat' dir='ltr'><strong>dabat</strong></span> <span class='ocrx_word' id='word_1_234' title='bbox 351 3509 443 3587; x_wconf 85' lang='lat' dir='ltr'><strong>pleno</strong></span> <span class='ocrx_word' id='word_1_235' title='bbox 459 3511 592 3571; x_wconf 87' lang='lat' dir='ltr'><strong>carmina</strong></span> <span class='ocrx_word' id='word_1_236' title='bbox 607 3525 681 3570; x_wconf 85' lang='lat' dir='ltr'><strong>vera</strong></span> <span class='ocrx_word' id='word_1_237' title='bbox 696 3510 755 3570; x_wconf 88' lang='lat' dir='ltr'><strong>dei.</strong></span> 
     </span>
    </p>
   </div>
   <div class='ocr_carea' id='block_1_7' title="bbox 10 42 25 455">
    <p class='ocr_par' dir='ltr' id='par_1_7' title="bbox 10 42 25 455">
     <span class='ocr_line' id='line_1_38' title="bbox 10 42 22 139; baseline 0 0"><span class='ocrx_word' id='word_1_238' title='bbox 10 42 22 139; x_wconf 76' lang='lat' dir='ltr'><strong>i</strong></span> 
     </span>
     <span class='ocr_line' id='line_1_39' title="bbox 10 148 25 227; baseline 0 -58"><span class='ocrx_word' id='word_1_239' title='bbox 10 148 25 227; x_wconf 56' lang='grc' dir='ltr'><strong>ἒ.</strong></span> 
     </span>
     <span class='ocr_line' id='line_1_40' title="bbox 10 250 19 315; baseline 0 -10"><span class='ocrx_word' id='word_1_240' title='bbox 10 250 19 315; x_wconf 80' lang='lat' dir='ltr'><strong>l</strong></span> 
     </span>
     <span class='ocr_line' id='line_1_41' title="bbox 10 358 20 455; baseline 0 0"><span class='ocrx_word' id='word_1_241' title='bbox 10 358 20 455; x_wconf 74' lang='lat' dir='ltr'><strong>i</strong></span> 
     </span>
    </p>
   </div>
   <div class='ocr_carea' id='block_1_8' title="bbox 10 2298 22 2421">
    <p class='ocr_par' dir='ltr' id='par_1_8' title="bbox 10 2298 22 2421">
     <span class='ocr_line' id='line_1_42' title="bbox 10 2298 22 2421; baseline 0 0"><span class='ocrx_word' id='word_1_242' title='bbox 10 2298 22 2421; x_wconf 74' lang='grc' dir='ltr'>ἰ</span> 
     </span>
    </p>
   </div>
   <div class='ocr_carea' id='block_1_9' title="bbox 0 0 1164 3960">
    <p class='ocr_par' dir='ltr' id='par_1_9' title="bbox 0 0 1164 3960">
     <span class='ocr_line' id='line_1_43' title="bbox 0 0 1164 3960; baseline 0 0"><span class='ocrx_word' id='word_1_243' title='bbox 0 0 1164 3960; x_wconf 95' lang='lat' dir='ltr'><strong> </strong></span> 
     </span>
    </p>
   </div>
  </div>
 </body>
</html>
