2318 3960
96 211 157 280 172
482 213 542 274 EX
561 208 711 273 PONTO

114 419 152 511 7ο
173 411 283 509 Verba
297 447 370 508 mihi
386 448 498 507 desunt
512 446 620 506 eadem
640 451 701 505 tam
716 459 812 522 saepe
826 445 960 523 roganti.

212 534 338 607 lamque
354 532 451 607 pudet
466 546 562 590 vanas
578 529 640 588 fine
654 544 758 589 carere
773 543 894 605 preces.

172 617 286 677 Taedia
306 615 457 675 consimili
474 614 539 673 lieri
556 614 595 672 de
611 613 745 672 carmine
760 613 859 686 vobis,

217 700 357 774 Quidque
374 704 488 774 petam,
505 703 632 756 cunctos
647 697 813 756 edidicisse
827 714 908 759 reor.

144 800 160 852 5
175 785 349 858 Nostraque
365 782 438 856 quid
454 787 554 857 portet
569 781 628 839 iam
643 780 741 841 nostis
757 781 903 858 epistola,
921 781 1060 858 quamvis

219 866 329 926 Charta
343 866 382 926 sit
396 882 414 925 a
428 865 537 924 vinclis
553 881 614 925 non
629 864 780 925 labefacta
795 865 871 926 suis.

175 952 256 1024 Ergo
272 955 403 1011 mutetur
417 949 523 1024 scripti
535 949 685 1009 sententia
700 950 805 1025 nostri,

215 1035 259 1094 Ne
274 1033 386 1094 totiens
403 1039 524 1106 eontra,
543 1049 634 1107 quam
649 1033 731 1108 rapit
745 1033 859 1108 amnIS,
875 1049 953 1094 eam.

177 1119 265 1193 Quod
280 1119 359 1179 bene
375 1119 414 1178 de
428 1117 517 1177 vobis
534 1117 672 1191 speravi,
688 1118 854 1192 ignoscite,
870 1115 977 1178 amiei=

129 1215 162 1268 10
215 1203 300 1262 Talia
318 1201 467 1278 peccandi
482 1201 543 1259 iam
557 1201 630 1259 mihi
644 1200 715 1261 finis
732 1201 796 1262 erit.

176 1287 239 1347 Nec
254 1287 357 1361 gravis
372 1284 462 1347 uxori
478 1285 571 1344 dicar.
602 1301 682 1360 quae
697 1285 815 1346 scilicet
828 1285 859 1345 in
875 1301 924 1344 me

218 1371 313 1445 Quam
328 1371 440 1447 proba,
457 1374 517 1428 tarn
531 1368 638 1429 timida
651 1375 713 1443 est,
730 1370 958 1446 experiensque
973 1382 1088 1445 parum.

77 1525 82 1534 q
176 1455 261 1515 Haec
277 1470 417 1529 quoque,
432 1453 530 1525 Naso,
547 1453 639 1512 feres.
669 1453 780 1513 etenim
794 1454 902 1529 peiora
916 1453 1023 1517 tulisti.

218 1539 281 1597 lam
294 1537 348 1598 tibi
364 1537 469 1596 sentiri
484 1536 605 1596 sarcina
620 1537 702 1596 nulla
719 1543 832 1613 potest.

127 1626 161 1682 15
175 1625 290 1682 Ductus
305 1622 344 1680 ab
359 1627 495 1680 armento
511 1625 615 1681 laurus
633 1620 780 1681 detrectat
795 1627 936 1693 aratrum,

219 1703 374 1765 Subtrahit
389 1709 419 1763 et
434 1704 510 1764 duro
528 1704 608 1763 colla
621 1705 745 1764 novella
758 1705 840 1779 iugo.

174 1789 254 1861 Nos,
272 1787 383 1863 quibus
398 1788 540 1848 adsuevit
554 1789 649 1848 latum
665 1789 825 1848 crudeliter
839 1789 891 1863 uti,

215 1873 265 1932 Ad
280 1873 360 1932 mala
374 1873 434 1931 iam
449 1872 567 1947 pridem
582 1888 644 1931 non
659 1888 764 1933 sumus
778 1873 840 1933 ulla
853 1872 959 1932 rudes·

175 1957 323 2016 Venimus
339 1957 369 2015 in
384 1957 506 2016 Geticos
522 1956 610 2016 fines.
640 1957 804 2016 moriamur
817 1957 847 2016 in
862 1955 937 2016 illis!

126 2042 161 2095 to
215 2039 373 2115 Parcaque
392 2041 431 2099 ad
447 2048 615 2100 extremum
631 2057 691 2116 qua
706 2057 774 2100 mea
789 2040 905 2116 coepit,
921 2045 980 2100 eat.

176 2123 270 2200 Spem
284 2125 368 2184 iuvat
382 2125 538 2200 amplecti,
556 2139 635 2199 quae
650 2141 712 2184 non
727 2125 810 2184 iuvet
824 2125 914 2185 inrita
928 2139 1068 2200 sempera

216 2208 253 2267 Et
267 2207 333 2267 fieri
349 2209 456 2283 cupias
473 2209 563 2283 siqua
578 2208 678 2269 lutura
693 2215 791 2283 putes.
839 2224 844 2233 ·

173 2291 334 2352 Proximus
348 2291 419 2351 huic
433 2293 547 2366 gradus
564 2299 612 2352 est
625 2291 704 2351 bene
720 2293 888 2368 desperare
902 2291 1043 2368 salutem,

218 2374 321 2448 Seque
336 2375 432 2435 semel
451 2391 526 2435 vera
542 2377 622 2436 scire
639 2377 759 2451 perisse
773 2376 846 2436 lide.

125 2466 159 2519 25
176 2458 318 2519 Curando
332 2459 399 2519 fieri
416 2460 568 2534 quaedam
587 2461 704 2520 maiora
719 2461 861 2520 videmus

213 2543 364 2616 Vulnera,
381 2557 459 2617 quae
474 2545 582 2604 melius
602 2560 664 2604 non
678 2545 816 2619 tetigisse
831 2543 896 2605 luit.

174 2625 276 2686 Mitius
292 2627 343 2686 ille
357 2628 450 2703 peril,
466 2627 568 2688 subita
583 2629 635 2704 qui
650 2629 794 2703 mergitur
808 2627 901 2702 unda,

216 2710 310 2784 Quam
324 2726 380 2770 sua
396 2711 448 2786 qui
464 2712 586 2772 tumidis
601 2712 727 2773 brachia
743 2714 840 2773 lassat
854 2710 956 2785 aquis.

175 2794 233 2854 Cur
248 2810 306 2869 ego
322 2795 450 2872 concepi
466 2795 619 2874 Scythicis
634 2813 683 2856 me
699 2811 796 2874 posse
810 2809 916 2854 carere

122 2878 159 2937 30
212 2877 353 2953 Finibus,
368 2886 399 2939 et
412 2885 493 2939 terra
509 2881 707 2956 prosperiore
724 2879 804 2940 frui?

176 2962 234 3023 Cur
248 2963 364 3038 aliquid
379 2964 418 3023 de
433 2979 482 3023 me
496 2965 621 3039 speraui
636 2964 735 3025 lenius
750 2968 921 3039 umquamt

214 3046 265 3107 An
280 3046 402 3109 fortuna
418 3047 491 3107 mihi
507 3048 552 3108 sio
566 3064 635 3108 mea
650 3055 724 3109 nola
738 3049 814 3108 luil‘t

173 3130 333 3205 Torqueor
348 3147 386 3191 en
400 3132 536 3207 gravius.
567 3133 758 3208 repetitaque
774 3133 874 3193 lorma
888 3131 1029 3193 locorum

213 3213 345 3274 Exilium
362 3221 491 3277 renovat
504 3215 591 3277 triste
604 3231 778 3292 recensque
793 3214 875 3276 lacit.

122 3300 157 3354 ³5
171 3295 227 3356 Est
242 3301 342 3359 tamen
358 3300 476 3375 utilius,
493 3301 625 3361 studium
640 3315 764 3361 cessare
778 3314 926 3374 meorum,

218 3378 330 3454 Quam,
347 3400 425 3457 quas
440 3385 607 3458 admorint,
624 3401 686 3445 non
700 3383 836 3444 valuisse
851 3397 973 3459 preces

168 3461 279 3539 Magna
297 3465 421 3540 quidem
435 3483 486 3529 res
504 3474 564 3544 est,
585 3485 677 3544 quam
691 3483 753 3529 non
768 3466 903 3544 audoin,
920 3463 1026 3526 amicis
