2318 3960
59 194 61 200 '
96 219 136 284 rc
514 214 741 277 rnrsrrun

157 370 394 444 Assimilemquc
409 367 456 428 sui
475 368 567 441 longa
582 366 780 428 assuetudine
795 367 874 442 lecit,

195 453 327 514 Grandia
342 452 369 512 si
389 451 492 528 parvis
508 450 679 510 assimilare
693 450 771 510 licet.

156 539 192 597 El
205 538 293 612 milri,
309 552 371 596 non
385 549 512 608 magnas
528 534 613 609 quod
627 534 740 595 habent
758 550 827 594 mea
842 532 976 593 camlina
992 534 1078 608 vires,

108 631 142 686 3⁰
196 622 367 693 Nostraque
387 623 459 678 sunt
472 616 588 679 meritis
604 634 658 678 ora
672 619 790 678 minora
806 619 875 692 tuis,

157 706 265 780 Siquid
281 710 311 763 et
325 705 355 762 in
370 701 460 763 nobis
475 701 537 761 vivi
551 701 607 762 luit
621 708 691 762 ante
706 703 829 778 vigoris,

196 789 369 849 Extinctum
381 787 481 861 longis
498 786 610 846 occidit
623 801 714 846 omne
729 786 827 846 melis.

155 873 253 932 Prima
268 873 369 931 locum
388 876 512 930 sanctas
527 869 671 930 heroidas
686 870 764 930 inter
782 869 921 944 haberes,

197 957 296 1015 Prima
306 954 397 1016 bonis
413 954 504 1014 animi
525 955 741 1030 conspicerere
756 954 809 1016 tui.

107 1049 141 1103 35
156 1042 438 1114 Quantumcumque
451 1046 551 1099 tamen
570 1038 734 1114 praeconia
748 1046 853 1098 nostra
867 1040 1021 1112 valebunt,

198 1122 387 1183 Carminibus
402 1122 489 1181 vives
504 1129 625 1196 tempus
640 1122 671 1181 in
688 1137 778 1181 omne
793 1122 878 1181 meis.

98 1258 135 1349 Ῑο
159 1258 268 1366 Siquis
283 1292 380 1354 habes
400 1293 514 1353 nostris
532 1291 647 1350 similes
662 1291 693 1349 in
708 1292 840 1366 imagine
856 1294 965 1365 uultus,

196 1377 292 1436 Deme
306 1378 382 1438 meis
399 1377 546 1449 hederas,
561 1375 714 1435 Bacchica
729 1382 826 1450 serta,
843 1377 949 1436 comis.

157 1460 220 1520 Ista
239 1460 349 1521 decent
365 1461 463 1519 laetos
480 1458 580 1519 lelicia
600 1460 688 1533 signa
702 1466 822 1534 poetas.

196 1543 397 1617 Temporibus
413 1559 474 1603 non
490 1549 538 1601 est
552 1548 625 1614 apta
640 1557 755 1601 corona
768 1543 855 1602 meis.

126 1627 240 1686 5Haec
256 1625 308 1685 tibi
323 1627 496 1700 dissimula,
514 1624 592 1684 senti
607 1630 721 1699 tamen,
738 1627 866 1701 optime,
887 1627 957 1704 dici,

197 1710 230 1768 ln
247 1709 340 1784 digito
357 1710 409 1785 qui
423 1725 472 1768 mc
487 1709 612 1783 fersque
627 1710 787 1784 refersque
802 1715 863 1783 tua,

156 1793 357 1868 Effigiemque
371 1809 470 1852 meam
486 1792 569 1852 fulvo
586 1793 766 1867 complexus
781 1795 812 1852 in
828 1811 902 1854 auro

198 1876 275 1935 Cara
288 1877 428 1953 relegati,
445 1892 525 1953 quae
539 1882 643 1951 potes,
662 1893 716 1937 cra
734 1878 833 1937 vides.

157 1960 241 2033 Quae
256 1961 397 2034 quotiens
412 1968 551 2036 spectas,
569 1961 678 2021 subeat
690 1962 742 2020 tihi
758 1963 860 2021 dicere
881 1962 982 2020 lorsan

111 2052 143 2103 10
200 2043 308 2117 ‘Quam
324 2046 431 2120 procul
446 2061 465 2103 a
479 2044 569 2105 nobis
583 2044 666 2107 Naso
682 2045 799 2104 sodalis
814 2046 902 2104 abest
910 2049 929 2102 t’

156 2127 248 2186 Grata
265 2133 378 2187 tuaest
392 2129 500 2203 pietas.
543 2128 600 2187 sed
616 2128 749 2188 carmina
764 2129 861 2189 maior
876 2129 975 2203 imago

200 2209 277 2270 Sunt
294 2226 376 2284 mea,
393 2226 472 2284 quae
491 2210 603 2269 mando
621 2212 855 2287 qualiacumque
874 2214 969 2287 legas,

159 2293 299 2353 Carmina
313 2301 442 2354 mutatas
458 2293 615 2355 hominum
632 2294 763 2356 dicentia
777 2298 901 2369 formas,

198 2374 306 2436 Infelix
322 2379 435 2437 domini
455 2379 537 2452 quod
553 2380 625 2453 luga
638 2381 719 2454 rupit
739 2396 828 2455 opus.

113 2470 143 2522 15
159 2460 241 2519 Haeo
261 2477 319 2535 ego
336 2461 516 2537 discedens,
532 2463 612 2523 siout
626 2464 705 2523 bene
721 2466 814 2524 multa
829 2480 975 2537 meorum,

198 2545 271 2618 lpse
284 2560 354 2604 mea
367 2546 459 2620 posui
474 2553 609 2606 maestus
630 2547 660 2606 in
679 2549 750 2623 igne
767 2564 867 2608 manu.

156 2629 258 2702 thue
278 2644 433 2691 cremasse
448 2647 538 2690 suum
555 2631 648 2690 lertur
665 2632 723 2690 sub
737 2633 839 2706 stipite
853 2639 954 2691 natum

194 2711 334 2772 Thestias
350 2719 380 2772 et
398 2714 505 2774 melior
520 2721 614 2774 matre
630 2715 726 2775 luisse
738 2731 835 2787 soror,

155 2795 206 2855 Sic
221 2811 279 2869 ego
299 2813 361 2858 non
376 2799 501 2859 meritos
518 2813 636 2858 mccmn
651 2799 786 2872 peritura
800 2796 919 2856 libellos

108 2888 142 2938 ac
197 2880 333 2954 imposui
347 2882 465 2956 rapidis
482 2881 603 2939 viscera
618 2886 723 2938 nostra
740 2881 840 2952 rogis=

157 2963 213 3021 Vel
230 2965 313 3037 quod
328 2979 410 3023 eram
425 2964 546 3035 Musas,
566 2969 600 3021 ut
619 2962 744 3020 crimina
764 2969 884 3035 nostra,
900 2978 1044 3040 perosus,

194 3047 250 3104 Vel
266 3047 350 3121 quod
368 3047 470 3104 adhuc
487 3059 631 3104 crescens
647 3052 676 3103 et
694 3046 770 3104 rude
790 3061 913 3105 carmen
933 3055 1006 3106 erat.

159 3129 242 3202 Quae
258 3130 403 3203 quoniam
417 3143 479 3187 non
496 3133 567 3186 sunt
580 3127 702 3202 penitus
718 3129 849 3205 sublata,
869 3130 926 3191 sed
941 3137 1053 3205 extant,

126 3220 131 3229 '
193 3213 334 3272 Pluribus
349 3211 498 3285 exemplis
515 3212 629 3286 scripta
648 3212 746 3274 luisse
759 3229 838 3273 reor.

105 3303 139 3357 25
153 3296 239 3357 Nunc
253 3310 377 3370 precor,
393 3301 427 3354 ut
441 3293 544 3354 vivant
563 3301 593 3356 et
607 3312 668 3356 non
683 3297 796 3373 ignava
815 3299 964 3373 legentem

197 3378 263 3440 Otia
278 3378 429 3438 delectent
447 3379 694 3456 admoneantque
713 3383 781 3442 mei.

152 3462 214 3522 Nec
229 3469 330 3522 tamen
346 3462 397 3521 illa
411 3463 471 3534 legi
487 3470 630 3538 poterunt
644 3465 794 3540 patienter
807 3467 845 3526 ab
866 3468 936 3539 ullo,
