2318 3960
418 232 470 307 IV,
495 231 671 298 len-256.

55 401 109 452 rio
164 389 212 447 An
227 385 334 461 primis
349 392 448 445 turres
465 384 593 446 urbibus
606 386 658 448 illa
673 388 791 448 dediti’

119 468 244 534 Annuit.
273 468 374 529 ‘Unde
388 468 482 529 venit’
498 469 562 528 dixi
577 474 648 532 ‘sua
661 470 797 532 membra
811 471 936 532 secandi

162 555 331 630 Impetust’
363 558 397 612 ut
409 551 504 628 tacui,
518 551 615 613 Pieris
630 571 703 616 orsa
716 555 815 630 loqui:

121 638 238 716 ‘Phryx
252 649 329 711 puer
341 634 372 694 in
386 634 488 711 silvis,
505 636 583 696 iacie
598 636 791 714 spectabitis,
805 638 885 717 Attis

160 719 351 794 Turrigeram
367 726 452 780 casto
469 718 567 780 vinxit
579 735 683 783 amore
697 722 796 782 deam.

55 812 109 866 me
123 805 211 866 Hunc
230 801 290 864 sibi
305 802 422 863 servari
436 803 546 878 voluit,
562 819 620 866 sua
633 806 747 881 templa
760 805 848 880 tucri,

161 888 200 950 m
214 885 289 948 dixit
303 885 459 963 “Semper
475 887 525 947 iac
538 901 615 962 puer
629 903 701 950 esse
715 890 827 949 velis.”

121 974 177 1033 llle
195 972 288 1032 iidem
304 969 398 1031 iussis
411 969 511 1044 dedit,
527 978 556 1030 et
570 969 629 1030 “Si
643 972 813 1045 mentiar‚”
828 973 925 1048 inquit

163 1054 314 1130 “Ultima,
330 1070 392 1130 qao
405 1053 524 1128 fallam,
539 1052 579 1114 sit
591 1070 690 1114 venus
705 1055 756 1116 illa
775 1054 883 1115 mihi.’'

120 1139 222 1214 Fallit,
237 1145 268 1199 et
280 1137 311 1197 in
326 1136 462 1215 nympha
480 1136 650 1212 Sagaritide
666 1138 777 1199 desinit
790 1154 871 1212 esse,

54 1227 107 1282 2³0
163 1217 252 1297 Quod
265 1221 330 1282 luit.
358 1220 437 1283 ilinc
449 1235 570 1297 poenas
584 1220 679 1296 exigit
691 1221 736 1282 ira
750 1222 837 1282 deae.

119 1308 218 1367 Naida
231 1305 408 1367 volneribus
423 1302 553 1365 succidit
566 1303 597 1364 in
610 1304 722 1365 arbore
737 1305 835 1365 lactis.

159 1391 213 1450 illa
228 1388 315 1466 perit
343 1390 438 1450 latum
451 1387 561 1449 naidas
577 1388 669 1449 arbor
683 1396 756 1449 crat

120 1474 176 1534 Hic
191 1473 275 1546 furit,
289 1480 320 1532 et
334 1472 464 1534 credens
478 1471 602 1532 thalami
616 1471 817 1548 procumbere
831 1478 942 1533 tectum

162 1555 290 1632 Effugit,
305 1563 336 1616 et
349 1571 442 1617 cursu
455 1555 610 1633 Dindyma
623 1571 742 1617 summa
754 1555 838 1632 petit.

54 1640 108 1694 2³5
121 1640 160 1702 Et
169 1640 263 1701 modo
274 1640 385 1701 “Tolle
395 1640 480 1700 iaces
489 1643 534 1712 ιβ’
548 1640 737 1700 “Remove”
749 1640 842 1701 modo
854 1636 1047 1699 “verberat’'

740 1724 859 1784 clamat.

165 1807 267 1883 Saepe
280 1806 441 1868 Meletinas
455 1806 533 1866 iurat
550 1806 663 1867 adesse
678 1807 764 1867 deas.

122 1892 176 1951 llle
190 1891 280 1952 etiam
294 1905 373 1951 saxo
388 1905 502 1964 corpus
517 1889 646 1950 laniavit
658 1896 759 1966 acuto,
944 1964 947 1971 .

162 1975 329 2050 Longaque
347 1973 378 2032 in
392 1972 548 2034 immundo
563 1973 691 2045 pulvere
705 1979 802 2033 tracto
817 1988 905 2034 conio
919 1980 976 2033 est.

122 2060 258 2133 voxque
271 2056 326 2118 fruit
341 2055 480 2116 “Meruit
495 2057 619 2116 meritas
634 2055 675 2116 do
691 2057 840 2131 sanguine
854 2071 982 2132 poenas.

56 2143 110 2197 240
161 2143 204 2201 A!
226 2145 355 2217 pereant
368 2146 488 2215 partes,
503 2155 583 2213 quac
597 2154 731 2200 nocuere
744 2139 859 2200 mibit”

121 2226 190 2284 “At
210 2227 362 2299 pereant”
376 2221 499 2283 dicebat
511 2221 627 2296 adhue,
642 2236 722 2283 onus
735 2221 867 2298 inguinis
881 2222 987 2296 aufert,

161 2305 311 2382 Nullaque
326 2312 398 2367 sunt
410 2305 512 2367 sabim
528 2305 616 2380 signa
631 2304 736 2365 relicte
750 2306 817 2366 viri.

122 2391 214 2451 Venit
227 2390 258 2450 in
273 2390 448 2465 exemplum
463 2391 548 2452 iuror
560 2388 624 2463 hic,
639 2390 811 2464 mollesque
824 2387 952 2449 ministri

165 2473 303 2535 Caedunt
315 2472 432 2535 iactatis
446 2473 520 2534 vilia
533 2472 670 2533 membra
683 2472 805 2534 comis?

56 2556 248 2619 adeluibus
263 2557 383 2618 Aoniae
398 2557 531 2617 iucunda
545 2571 623 2617 voce
638 2556 790 2617 Camenae

162 2640 295 2700 Reddita
314 2639 445 2717 quaesiti
459 2654 555 2699 causa
570 2639 683 2700 luroris
702 2646 777 2701 erat.

123 2722 203 2784 ‘Hoc
216 2739 349 2800 quoque,
365 2722 428 2783 dux
443 2722 556 2798 operis,
574 2737 711 2796 moneas,
727 2739 847 2799 precor,
865 2722 948 2784 unde
960 2720 1051 2798 petitu

164 2806 301 2867 Venerit.
324 2823 363 2867 an
381 2814 487 2867 nostra
504 2821 627 2882 semper
640 2805 671 2864 in
688 2807 771 2867 Urbe
785 2808 869 2868 luitt’

125 2890 312 2968 ‘Dindymon
327 2897 357 2950 et
371 2889 507 2969 Cybelen
521 2895 553 2950 et
567 2904 728 2949 amoenam
741 2891 876 2950 lontibus
891 2889 966 2950 Iden

57 2978 111 3030 250
167 2973 296 3049 Semper
311 2979 342 3034 et
354 2973 464 3034 Iliacas
479 2974 578 3033 Mater
591 2972 705 3033 amavit
722 2988 810 3049 opes.

124 3059 197 3119 cum
210 3058 332 3118 Troiam
345 3058 468 3118 Aeneas
483 3057 576 3118 italos
590 3061 727 3132 portaret
739 3055 770 3115 in
785 3071 887 3130 agros,

165 3142 220 3201 Est
236 3141 297 3201 dea
310 3141 474 3202 sacriferas
490 3154 589 3215 paene
604 3143 713 3199 secuta*
727 3145 819 3200 rates.

125 3224 189 3286 Sed
203 3225 339 3286 nondum
353 3222 423 3285 latis
439 3223 525 3284 Latio
542 3239 600 3284 sua
613 3221 736 3281 numina
750 3223 840 3297 posci

167 3306 328 3383 Senserat,·
344 3307 482 3369 adsuetis
497 3305 733 3381 substiteratque
747 3305 835 3366 locis.

57 3398 111 3451 255
124 3391 212 3464 Post,
230 3399 262 3452 ut
274 3393 373 3454 Roma
386 3398 497 3468 potans
514 3390 623 3466 opibus
637 3388 698 3448 iam
712 3391 837 3449 saccula
852 3388 987 3464 quinque

166 3474 264 3546 Vidit,
280 3483 309 3535 et
323 3475 457 3536 edomito
472 3473 594 3536 sustulit
613 3470 688 3535 orbe
702 3480 801 3549 caput,
829 3555 845 3596 *
