2318 3960
97 184 156 251 lca
491 186 551 246 EX
572 183 720 247 PONTO

216 339 318 402 Gratia
333 356 424 417 quam
439 339 535 399 meriti
550 340 651 414 possit
664 337 748 397 abire
762 338 828 398 tui?

126 433 160 486 45
175 426 258 485 llaec
273 424 325 485 ubi
341 424 494 498 dixeritis,
510 429 614 483 servet
627 438 685 482 sua
699 421 795 495 dona,
811 430 928 498 rogate.

215 507 266 568 Sic
281 509 370 568 luerit
384 515 506 568 vestrae
521 522 615 567 causa
629 512 754 581 peracta
768 507 846 567 viae.
972 516 975 521 ’

122 698 162 792 Q·
213 725 378 788 sauro

180 813 282 918 (luam
296 845 387 921 legis,
405 862 444 905 ex
460 846 519 906 illis
534 846 587 906 tibi
598 847 682 907 venit
695 845 839 921 epistola,
853 845 957 920 Brute,

212 932 367 991 Nasonem
381 931 479 989 nolles
494 931 525 989 in
540 930 650 1006 quibus
666 945 737 989 esse
750 930 838 988 locis.

174 1015 237 1076 Sed
250 1023 283 1076 tu
299 1015 383 1091 quod
397 1014 511 1087 nolles,
532 1015 628 1074 voluit
638 1012 811 1074 miserabile
824 1013 928 1072 lotum.

211 1099 247 1159 Ei
266 1099 353 1157 mihil
369 1098 439 1173 plus
454 1098 544 1172 illud,
560 1114 651 1174 quam
664 1105 718 1159 lua
732 1103 819 1168 vota,
834 1098 926 1156 valet.

148 1185 209 1247 oln
225 1183 352 1261 Scythia
366 1181 455 1242 nobis
471 1182 677 1257 quinquennis
694 1179 846 1256 olympias
862 1187 931 1240 acta
944 1186 1008 1239 csta

216 1269 279 1327 lam
292 1274 413 1341 tempus
429 1266 515 1325 lustri
529 1265 638 1325 transit
651 1266 682 1324 ln
697 1264 830 1324 alterius.

174 1350 292 1410 Perstat
308 1350 388 1409 enlm
402 1349 523 1410 fortuna
538 1357 644 1423 tenax,
660 1349 803 1424 votisque
819 1347 984 1423 malignum

219 1433 354 1510 Opponlt
367 1434 481 1494 nostris
497 1434 647 1493 insidiosa
662 1433 782 1506 pedem.

177 1520 282 1579 Certus
299 1532 368 1576 eras
384 1533 440 1591 pro
456 1532 518 1590 me,
534 1516 646 1576 Fabiae
661 1517 728 1590 lux,
743 1515 891 1589 Maxime,
911 1515 1021 1591 gentis,

128 1622 163 1674 lc
216 1603 332 1661 Numen
348 1600 389 1660 ad
402 1603 574 1675 Augustum
589 1601 730 1675 supplice
743 1613 823 1660 voce
838 1598 934 1672 loqui.

177 1685 298 1746 Occidis
311 1690 381 1744 ante
392 1699 511 1760 preces.
527 1699 715 1759 causamque
730 1697 798 1757 ego,
812 1681 955 1756 Maxime,
969 1683 1073 1744 mortis¹

215 1770 279 1828 Nec
293 1770 409 1828 lucram
423 1769 528 1828 tanti...
543 1785 592 1828 mc
606 1784 676 1827 reor
691 1782 763 1827 esse
775 1773 856 1826 tuae.

177 1854 238 1913 lam
252 1854 341 1912 timeo
362 1859 495 1913 nostram
510 1852 652 1928 cuiquam
666 1850 813 1910 mandare
827 1851 971 1911 salutem=

217 1939 322 2012 lpsum
336 1943 432 1997 morte
445 1943 498 1996 tua
513 1936 646 1996 concidit
659 1935 815 1995 auxilium.

128 2034 161 2087 15
177 2022 326 2096 Coeperat
339 2022 497 2096 Augustus
513 2021 661 2094 deceptae
675 2020 837 2094 ignoscere
852 2018 977 2093 culpaez

218 2104 311 2180 Spem
326 2113 461 2164 nostram
475 2111 572 2164 terras
588 2103 784 2176 deseruitque
799 2101 899 2161 simul.

177 2190 270 2263 Quale
285 2196 384 2248 tamen
401 2187 500 2263 potui,
518 2187 558 2246 de
572 2187 693 2261 caelite,
708 2186 816 2260 Bmte,
830 2187 947 2246 recenti

215 2274 328 2332 Vestra
342 2274 450 2345 procul
465 2272 585 2346 positus
600 2286 722 2330 carmen
738 2271 767 2329 in
783 2285 838 2331 ora
851 2269 934 2330 dedi.

177 2357 261 2430 Quae
279 2356 377 2431 prosit
392 2356 490 2430 pietas
505 2356 618 2415 utinam
632 2355 720 2429 mihi,
737 2355 837 2428 sitque
851 2353 1003 2416 mulorum

128 2458 163 2510 Ἃ)
214 2440 278 2499 lam
291 2438 402 2500 modus
418 2446 448 2499 et
462 2453 569 2500 sacrae
584 2439 685 2498 mitior
698 2439 743 2498 ira
757 2440 882 2498 domus!

177 2525 218 2582 Te
234 2537 359 2597 quoque
375 2523 456 2583 idem
471 2523 587 2598 liquido
604 2538 732 2598 possum
746 2523 848 2582 iurare
863 2522 994 2597 precari,

219 2605 242 2666 0
257 2606 329 2666 mihi
345 2621 406 2666 non
422 2607 516 2666 dubia
535 2607 657 2682 cognito
670 2607 763 2667 Brute
778 2613 860 2666 nota.

175 2692 251 2750 Nam
266 2705 334 2749 cum
349 2692 536 2765 praestiteris
550 2706 657 2750 verum
670 2690 743 2750 mihi
758 2704 882 2766 semper
899 2704 1041 2775 amorem,

216 2774 272 2833 Hic
287 2780 386 2834 tamen
402 2777 534 2836 adverso
550 2782 686 2848 tempore
701 2775 798 2834 crevit
811 2784 906 2834 amor.

126 2869 159 2921 25
175 2859 293 2934 Quique
306 2864 375 2918 tuas
392 2859 505 2934 pariter
519 2858 662 2919 lacrimas
676 2864 860 2934 nostrasque
875 2855 1002 2933 videret,

215 2943 366 3002 Passurus
383 2958 514 3017 poenam
529 2942 668 3001 erederet
682 2958 754 3004 esse
770 2942 859 3003 duos.

175 3028 287 3085 Lenem
302 3031 332 3085 te
347 3026 466 3086 miseris
481 3027 584 3101 genuit
598 3033 716 3086 natura.
745 3041 804 3086 nec
818 3025 871 3087 ulli

216 3109 319 3168 Mitius
335 3109 502 3185 ingenium,
519 3126 610 3184 quam
624 3108 693 3182 tibi,
709 3109 817 3184 Brute,
832 3109 933 3169 dedit:

175 3193 215 3252 Ut
230 3194 297 3267 qui,
315 3193 388 3266 quid
403 3194 523 3265 valeas,
540 3195 673 3268 ignoret,
689 3194 786 3254 Marte
800 3193 928 3266 lorensi,

125 3280 160 3335 30
213 3275 310 3335 Posse
324 3284 375 3337 tuo
391 3277 496 3353 peragi
511 3279 564 3337 vix
579 3284 664 3353 putet
678 3293 732 3338 ore
747 3293 829 3338 reos.

173 3358 294 3419 Scilicet
308 3360 445 3420 eiusdem
460 3367 523 3435 est,
538 3362 679 3437 quamvis
694 3376 832 3438 pugnare
845 3358 976 3434 videtur,

212 3439 411 3517 Suppliclbus
427 3444 561 3516 facilem,
579 3444 719 3505 sontibus
735 3460 806 3506 esse
820 3450 946 3506 trucem.
