2318 3960
385 226 413 299 1,
439 224 473 301 1,
493 192 611 299 ‘ar-2,
635 223 687 286 25.
982 220 1044 289 tta

110 378 203 440 Fstur
221 387 255 440 ut
274 378 395 442 occulta
415 375 519 437 vitiata
536 376 672 438 teredine
685 378 784 454 navis,

55 468 94 527 ⁷0
149 463 307 539 Aequorei
323 462 470 537 scopulos
486 467 520 522 ut
538 468 628 522 cavat
644 461 728 522 unda
747 462 838 523 salis:

110 546 240 607 Roditur
252 553 287 608 ut
302 544 414 607 scabra
427 545 562 621 positum
576 543 715 620 rubigine
734 545 857 620 serrum,

154 629 303 692 Conditus
322 637 356 690 ut
369 629 469 689 tineae
488 629 624 704 carpitur
643 644 696 690 ore
713 628 804 690 liber:

110 712 163 774 Sic
176 730 247 775 mea
265 720 435 791 perpetuos
454 727 595 772 curarum
608 720 736 788 pectora
750 728 885 788 morsus,

152 795 227 859 Fine
242 797 354 874 qulbus
371 798 454 857 nullo
470 796 684 870 conficiantur,
705 796 829 856 hubent.

61 892 94 946 75
109 881 172 942 Nec
189 882 277 957 prius
296 881 328 940 hi
347 887 479 941 mentem
496 880 625 955 stimuli,
645 896 737 954 quam
759 881 821 941 vita
834 880 1000 956 relinquen

10 1022 21 1028 f
154 965 272 1042 Quique
286 965 385 1036 dolet,
406 964 495 1026 citius
512 980 605 1039 quam
619 963 709 1024 dolor
727 965 796 1040 ipse
817 964 915 1026 cadet.
1068 1018 1073 1029 ,

109 1050 177 1110 Hoc
193 1048 267 1109 mihi
281 1051 308 1111 si
323 1049 443 1124 superi,
464 1064 595 1124 quorum
609 1063 714 1109 sumus
731 1049 845 1123 omnia,
866 1050 1000 1124 credent,

151 1133 291 1194 Forsitan
307 1131 419 1207 exigua
438 1131 549 1207 dignus
569 1130 706 1192 habebor
721 1147 791 1207 ope,

109 1219 207 1293 Inque
222 1218 323 1277 locum
341 1214 488 1295 Scythico
506 1232 635 1276 vacuum
650 1214 790 1275 mutabor
810 1215 848 1274 ab
863 1232 946 1277 arcu.

57 1310 93 1362 80
148 1300 221 1362 Plus
237 1301 311 1374 isto,
329 1301 412 1377 duri,
427 1299 455 1362 si
469 1315 591 1376 precer,
609 1298 673 1360 oris
688 1314 751 1359 ero.

439 1445 638 1454 -—--——-

53 1487 98 1579 2.
155 1521 352 1583 maximo.

112 1603 267 1716 Maxime,
285 1642 337 1718 qui
352 1643 426 1704 tanti
442 1659 617 1704 mensuram
635 1643 768 1704 nominis
786 1644 905 1719 imples,

152 1724 190 1784 Et
204 1727 342 1800 geminas
358 1727 449 1788 animi
463 1727 620 1789 nobilitate
639 1743 753 1803 genus:

111 1806 166 1880 Qui
181 1810 269 1871 nasci
287 1817 321 1871 ut
334 1826 463 1887 posses,
485 1811 625 1887 quamvis
643 1812 784 1871 cecidere
800 1812 935 1883 trecenti,

151 1890 218 1954 Non
237 1909 345 1955 omnes
360 1894 474 1957 Fabios
492 1895 616 1957 abstulit
628 1911 691 1956 una
710 1896 793 1956 dies=

78 1984 96 2035 5
111 1974 251 2038 Forsitan
268 1977 380 2040 haece
396 1996 457 2054 quo
476 1979 609 2040 mittatur
627 1979 757 2055 epistola
772 1993 913 2054 quaeras,

153 2059 290 2135 Quisque
305 2062 415 2137 loquar
428 2070 545 2137 tecum,
563 2063 675 2124 certior
690 2078 762 2124 esse
778 2063 864 2122 velis.

107 2143 142 2202 Ei
159 2144 247 2204 mihi!
267 2146 341 2222 quid
355 2148 487 2207 faciam?
516 2162 642 2219 vereor,
663 2162 702 2206 nc
720 2147 845 2208 nomine
861 2146 940 2206 lecto

78 2232 97 2285 8
153 2227 255 2289 Durus
270 2236 301 2290 et
312 2245 423 2290 aversa
437 2238 538 2292 cetera
554 2236 655 2291 mente
674 2232 770 2306 legas.

61 2317 96 2372 11
111 2310 247 2372 Videris.
277 2313 399 2375 audebo
413 2315 466 2374 tibi
481 2331 530 2374 me
546 2315 712 2390 scripsisse
727 2315 814 2375 iateri

108 2477 163 2552 Qui
172 2524 180 2552 ,
199 2494 267 2541 cunr
286 2496 335 2541 me
354 2497 456 2557 poena
472 2482 596 2558 dignum
610 2483 752 2558 graviore
767 2483 863 2543 fuisse

150 2563 316 2642 confitear,
332 2580 461 2641 possum
476 2566 529 2625 vix
545 2566 689 2640 graviora
703 2568 775 2641 pati.

58 2654 92 2705 15
107 2646 257 2708 Hostibus
272 2649 302 2709 in
319 2649 428 2710 mediis
449 2649 589 2725 interque
609 2649 746 2725 pericula
763 2664 879 2724 versor,

148 2731 314 2808 Tamquam
335 2748 404 2793 curn
419 2733 517 2809 patria
532 2749 595 2808 pax
611 2733 651 2794 sit
669 2733 812 2809 adempta
826 2733 913 2792 mihi:

106 2812 177 2888 Qui,
193 2817 298 2877 mortis
315 2832 411 2877 saevo
431 2817 585 2892 geminent
602 2824 636 2877 ut
654 2817 778 2878 vulnere
793 2832 912 2890 causas

149 2896 256 2959 Omnia
270 2900 397 2976 vipereo
415 2901 536 2976 spicula
552 2902 623 2961 felle
639 2902 744 2961 linunt.

105 2981 160 3041 His
177 2996 273 3056 eques
294 2985 459 3046 instructus
473 2987 633 3060 perterrita
649 2984 772 3045 moenio
786 2985 894 3044 lustrat

54 3073 91 3124 20
147 3064 235 3125 More
250 3067 313 3143 lupi
334 3069 456 3130 clausas
472 3068 688 3129 circumeuntis
703 3083 789 3128 oves.

104 3150 147 3209 At
163 3150 259 3210 semel
276 3152 407 3213 intentus
421 3169 517 3213 nervo
533 3153 610 3212 levis
628 3167 717 3213 arcus
732 3151 845 3226 equino

146 3233 279 3294 Vincula
294 3251 418 3311 semper
430 3235 548 3295 habens
569 3236 737 3296 inresoluta
751 3243 863 3295 manet.

103 3315 195 3378 Tecta
209 3318 308 3394 rigent
321 3319 392 3380 fixis
406 3319 501 3382 veluti
516 3320 629 3380 vallata
643 3318 771 3394 sagittis,

145 3398 298 3477 Partaque
316 3403 371 3463 vix
386 3404 474 3464 firma
488 3409 658 3464 summovet
673 3419 758 3464 orma
774 3418 853 3463 sera.

50 3491 88 3545 25
103 3482 196 3545 Adde
210 3485 270 3546 ioci
286 3486 395 3546 faciem
410 3501 468 3546 neo
487 3486 597 3547 fronde
612 3503 669 3549 nec
689 3487 798 3547 arbore
815 3486 895 3562 laeti,

788 3568 827 3632 8*
