2318 3960
442 226 481 300 11,
504 224 660 289 36-111.

161 378 287 453 Ingenio
304 378 411 439 laudes
424 377 566 439 uberiore
579 387 700 441 canunt.

71 471 105 525 15
122 461 186 523 Sed
197 470 306 537 tamen,
324 467 358 522 ut
368 462 438 522 tirso
450 469 606 522 taurorum
622 464 771 538 sanguine
783 472 913 534 centum,

165 544 216 606 Sic
232 546 351 622 capitur
364 545 488 605 minimo
502 547 577 606 turis
591 545 709 608 honore
725 547 812 608 deus.

120 629 165 687 A!
187 628 271 690 ierus
286 635 316 690 et
327 628 416 690 nobis
429 629 552 689 nimium
566 631 729 692 crudeliter
740 630 848 704 hostis,

163 712 295 773 Delicias
308 713 381 787 legit
395 713 447 787 qui
458 712 512 773 tibi
524 729 655 788 cumque
671 729 771 774 meas:

121 795 313 857 carminare
328 798 441 856 nostris
459 812 537 870 quae
553 803 582 856 te
599 799 775 858 venerantia
792 798 876 859 libris
1013 829 1054 844 -

71 890 105 944 80
160 879 275 940 Indicio
289 880 410 955 possint
423 880 600 941 candidiore
613 882 682 956 legi.

121 962 202 1022 Esse
215 963 271 1024 sed
283 964 360 1024 irato
374 963 443 1038 quis
456 970 486 1024 te
498 963 570 1023 mihi
585 971 694 1039 posset
705 963 842 1026 amicust

160 1046 222 1105 Vix
237 1053 307 1108 tunc
322 1047 391 1121 ipse
406 1046 477 1106 mihi
489 1064 550 1108 non
563 1047 701 1109 inimicus
713 1064 805 1109 eram.

122 1129 198 1189 Cum
210 1131 312 1204 coepit
324 1136 472 1204 quassata
486 1131 595 1192 domus
611 1132 781 1207 subsidere,
797 1139 901 1206 partes

163 1213 196 1272 In
212 1215 399 1289 proclinatas
412 1229 501 1275 omne
512 1215 661 1275 recumbit
672 1231 759 1288 onus,

71 1301 103 1355 85
119 1297 295 1372 cunctaque
307 1298 429 1359 fortuna
444 1297 549 1357 rimam
563 1299 692 1358 iaciente
705 1298 874 1358 debiscunt.

71 1411 111 1420 —
162 1382 235 1455 lpse
247 1398 304 1442 suo
319 1381 453 1457 quodam
466 1382 603 1456 pondere
614 1386 709 1442 tracta
720 1388 820 1442 ruunt.

117 1463 199 1539 Ergo
214 1464 370 1525 homiuum
382 1466 553 1540 quaesitum
567 1464 670 1525 odium
683 1464 756 1524 mibi
772 1464 913 1538 carmine,
928 1479 1052 1542 quaque

160 1547 279 1623 Debuit,
296 1555 344 1609 est
359 1549 461 1609 vultus
475 1550 561 1610 turba
575 1556 679 1610 secuta
691 1556 770 1609 tuos.

118 1630 159 1691 At
169 1632 300 1706 memini,
315 1630 470 1707 vitamque
484 1649 583 1693 meam
599 1649 764 1708 moresque
779 1633 935 1708 probabas

71 1718 104 1774 1ο
156 1715 220 1789 lllo,
236 1730 326 1790 quem
338 1716 479 1792 dederas,
495 1717 716 1792 praetereuntis
732 1732 824 1792 equo.

71 1831 103 1840 -
118 1797 207 1871 Quod
219 1799 245 1859 si
256 1814 317 1860 ncn
330 1800 457 1874 prodest
471 1807 501 1859 et
513 1799 636 1860 honesti
646 1798 743 1874 gratia
755 1801 838 1861 nulla

71 1914 103 1923 —
158 1881 315 1956 Redditur,
328 1889 359 1942 at
375 1885 490 1943 nultum
502 1883 615 1942 crimen
627 1885 758 1957 adeptus
772 1900 864 1943 eram.
886 1902 890 1907 ·

111 1965 174 2024 Nec
190 1967 268 2025 male
280 1966 444 2026 commissa
457 1972 503 2025 est
516 1965 605 2026 nobis
619 1968 740 2025 fortuna
754 1982 874 2026 reorum

154 2048 269 2123 nisque
280 2050 387 2109 decern
399 2048 524 2108 deciens
535 2049 728 2123 inspicienda
738 2049 822 2109 viris.

71 2139 102 2194 95
118 2132 181 2192 Res
196 2147 321 2206 quoque
332 2130 469 2206 privatas
481 2131 572 2193 statui
589 2132 656 2193 sine
668 2130 794 2192 crimine
805 2130 910 2204 iudex,

158 2215 266 2289 Deque
277 2231 346 2275 mea
357 2217 443 2275 fassa
457 2221 506 2276 est
518 2232 591 2290 pars
607 2231 732 2291 quoque
743 2216 824 2276 victa
836 2215 907 2274 fide.

114 2298 165 2357 Me
176 2298 337 2359 miserum!
354 2299 447 2374 potui,
463 2300 489 2358 si
504 2315 564 2359 non
577 2306 712 2359 extrema
728 2305 883 2371 nocerent,

153 2380 268 2442 Iudicio
284 2389 366 2443 tutus
380 2398 441 2443 non
458 2384 553 2442 semel
568 2399 640 2444 esse
652 2389 714 2442 tuo.

113 2462 225 2525 Ultima
239 2481 288 2526 me
301 2467 442 2541 perdunt,
456 2466 579 2542 imoque
591 2466 649 2526 sub
663 2479 800 2539 aequore
812 2463 920 2539 mergit

71 2557 106 2610 00
158 2549 343 2608 Incolumem
357 2548 467 2610 totiens
480 2565 542 2609 una
554 2550 690 2625 procella
703 2554 808 2609 ratem.

116 2631 180 2691 Nec
191 2630 264 2690 mihi
277 2648 350 2707 pars
365 2632 469 2693 nocuit
480 2633 519 2692 de
529 2632 648 2707 gurgite
662 2647 767 2706 parva,
779 2630 836 2691 sed
851 2643 955 2689 omnes

159 2714 376 2775 Presserehoe
388 2714 501 2775 fluctus
517 2729 715 2788 oceanusque
732 2720 832 2788 caput.
937 2709 940 2716 '

118 2797 178 2857 Cur
189 2797 305 2872 aliquid
319 2798 403 2858 vidit
425 2814 479 2858 cur
491 2798 584 2859 noxia
597 2797 711 2858 lumina
723 2796 802 2857 iecit

158 2880 218 2940 Cur
232 2881 409 2956 inprudenti
422 2882 544 2957 cognita
557 2882 648 2957 culpa
661 2881 755 2941 mihir

71 2968 105 3021 οὐ
118 2964 236 3024 inscius
248 2964 388 3026 Actaeon
399 2965 476 3026 vidit
487 2963 554 3027 sine
565 2972 652 3026 veste
665 2965 808 3024 Dianam=

158 3046 275 3107 Praeda
287 3050 343 3108 suit
358 3049 484 3110 canibus
497 3066 558 3110 non
570 3049 671 3109 minus
685 3048 735 3107 illc
751 3045 825 3109 suis.

118 3128 241 3192 Scilicet
255 3131 286 3190 in
303 3133 424 3208 superis
439 3132 527 3194 etiam
544 3134 665 3194 fortuna
680 3130 793 3192 luenda
806 3134 862 3203 est,

154 3213 218 3273 Nec
232 3215 354 3276 veniam
369 3217 454 3277 laeso
470 3216 592 3278 numine
607 3231 698 3275 casus
713 3213 814 3273 habet.

115 3295 171 3357 illa
185 3313 318 3373 namque
330 3299 387 3373 die,
402 3317 463 3375 qua
474 3315 522 3359 me
535 3299 634 3359 malus
648 3297 772 3359 abstulit
782 3311 877 3371 error,

71 3387 105 3438 10
156 3378 255 3440 Parva
269 3381 393 3456 quidem
407 3383 505 3458 periit,
523 3382 579 3442 sed
592 3380 659 3443 sine
674 3382 744 3442 labe
759 3382 886 3442 domuse

116 3460 167 3522 Sic
179 3478 305 3539 quoquc
317 3482 414 3540 parva
426 3472 535 3539 tamen,
552 3465 651 3541 patrio
664 3465 782 3525 dicatur
797 3469 830 3524 ut
840 3477 917 3523 aevo
