2318 3960
100 171 159 265 lot
494 201 552 262 ux
577 200 724 262 rouro

97 355 163 448 lt.
220 388 466 450 aurionno.

179 490 252 595 Quo
268 525 368 585 minus
383 524 414 583 in
429 523 543 584 nostris
558 523 695 599 ponaris,
717 523 823 600 amice,
842 523 966 601 libanu,

218 609 356 668 Nominis
372 608 502 668 efficitur
516 606 697 667 condicione
711 607 764 667 tui.

175 693 233 752 Ast
248 708 306 767 ego
322 708 384 752 non
400 692 491 751 alitum
507 691 594 766 prins
608 690 669 750 hoc
684 690 826 765 dignarer
839 691 977 753 honoros

217 777 274 835 Est
286 775 397 850 aliquis
412 784 550 836 nostrum
566 774 701 835 simodo
717 790 840 835 emman
854 775 965 837 bonor.

147 861 239 923 obex
256 860 345 935 pedis
363 860 466 920 officio
481 861 666 933 fortunaque
680 859 812 919 nominis
828 858 948 921 obstata

216 943 343 1019 Quaque
358 960 444 1003 meos
460 944 565 1018 adeas,
587 950 635 1002 cst
649 943 803 1015 visualia,
826 944 949 1004 modos.

175 1028 251 1087 Nam
266 1029 360 1103 pudet
374 1028 404 1088 in
419 1028 558 1103 geminos
573 1028 615 1086 ita
629 1042 742 1087 nomen
757 1027 876 1088 findere
889 1044 1011 1104 versus,

214 1111 342 1171 Desinat
355 1117 387 1172 ut
401 1112 486 1187 prior
499 1112 568 1186 hoc,
591 1110 779 1187 incipiatque
792 1111 903 1171 minor.
993 1160 999 1170 .

175 1195 213 1254 Et
226 1196 349 1271 pudeat,
373 1197 399 1255 si
414 1203 453 1269 te,
476 1211 538 1271 qua
551 1194 672 1272 syllaba
687 1201 775 1269 parte
788 1201 934 1271 moratur,

136 1290 168 1341 10
219 1280 324 1339 Artius
338 1282 489 1355 appellem
504 1279 743 1353 Tuticanumque
758 1294 876 1338 vocem.

175 1363 237 1422 Nec
253 1371 342 1438 potes
358 1364 388 1422 in
404 1379 527 1424 versum
540 1363 677 1422 Tuticani
692 1378 778 1422 more
793 1363 908 1440 venire,

215 1447 282 1507 Fiat
295 1455 328 1507 ut
342 1464 359 1506 e
373 1448 467 1522 longa
480 1448 601 1525 syllaba
615 1448 714 1522 prima
727 1446 848 1506 brevis=

174 1532 236 1590 Aut
250 1532 444 1605 producatur,
469 1547 548 1606 quae
563 1546 644 1591 nunc
659 1531 830 1606 correptius
848 1531 921 1608 exit,

215 1615 254 1674 Et
268 1615 308 1674 sit
321 1622 464 1689 porrecta
478 1618 570 1690 longa
584 1615 721 1675 secunda
735 1630 830 1675 mora.

134 1709 166 1760 15
178 1699 232 1758 His
248 1713 306 1773 ego
322 1699 349 1757 si
363 1699 443 1758 vitiis
460 1698 558 1758 ausim
575 1714 770 1774 corrumpere
784 1714 906 1774 nomen,

217 1782 331 1841 Ridcar
345 1790 376 1842 et
389 1784 495 1843 merito
511 1790 619 1858 pectus
635 1782 750 1842 habere
764 1797 868 1856 neger.

175 1867 258 1925 Haec
273 1866 346 1925 mihi
361 1881 456 1926 causa
472 1867 528 1927 fuit
542 1867 625 1926 dilati
640 1867 774 1926 muneris
789 1866 891 1940 huius,

219 1949 308 2023 Quod
324 1967 410 2011 meus
426 1951 546 2010 adiecto
562 1952 669 2010 fenore
684 1949 794 2009 reddet
808 1965 903 2009 arnor.

173 2034 277 2108 Teque
293 2050 399 2094 canam
416 2049 607 2111 quacumque
621 2040 703 2095 nota.
736 2033 790 2094 tibi
806 2034 942 2094 carmina
956 2034 1060 2096 mittam

131 2127 166 2178 20
216 2117 316 2177 Paene
330 2119 403 2177 milri
417 2134 514 2193 puero
531 2119 651 2192 cognite
665 2133 765 2192 paene
779 2133 865 2195 puer,

172 2200 292 2276 Perque
306 2209 350 2262 tot
364 2218 512 2262 annorum
526 2202 646 2273 seriem,
671 2209 746 2277 quot
759 2200 908 2263 habemus
922 2209 1057 2278 uterque,

214 2284 280 2343 Non
296 2286 378 2356 mihi,
401 2302 492 2359 quam
508 2286 590 2345 fratri
605 2287 706 2357 frater,
728 2291 827 2346 amate
841 2285 954 2347 minus.

172 2368 216 2426 Tu
230 2368 330 2427 bonus
345 2369 496 2443 hortator,
517 2376 550 2429 tu
564 2370 689 2445 duxque
704 2384 872 2444 comesque
887 2369 981 2445 fuisti,

215 2450 289 2510 Cum
303 2467 442 2526 regerem
456 2460 561 2512 tenera
575 2454 662 2512 frena
676 2453 799 2514 novella
813 2469 916 2513 manu.

129 2544 163 2598 25
176 2534 278 2609 Saepe
293 2551 350 2609 ego
367 2538 486 2597 correxi
502 2537 559 2597 sub
574 2543 604 2596 te
619 2552 748 2597 censore
762 2537 900 2598 libellos=

212 2617 313 2694 Saepe
327 2619 380 2679 tibi
397 2621 552 2680 admonitu
567 2621 648 2680 facta
661 2621 751 2680 litura
764 2637 833 2682 meo
852 2627 908 2696 est,

171 2702 301 2777 Dignam
314 2704 464 2764 Maeoniis
479 2705 651 2765 Phaeacida
667 2705 801 2765 condere
816 2704 930 2768 chartis

212 2786 286 2847 Cum
300 2795 331 2848 te
344 2788 481 2848 Pierides
496 2789 687 2864 perdocuere
700 2795 780 2849 tuae.

170 2871 227 2930 Hic
242 2879 339 2946 tenor,
361 2872 439 2932 haec
455 2873 544 2932 viridi
560 2872 726 2933 concordia
741 2879 852 2949 coepta
866 2873 993 2934 iuventa

128 2963 164 3018 bo
213 2955 306 3016 Venit
320 2956 361 3015 ad
375 2956 511 3017 albentes
526 2956 709 3016 inlabefacta
726 2971 841 3017 comas.

171 3038 255 3111 Quae
269 3039 328 3099 nisi
343 3047 373 3100 te
388 3048 543 3112 moveant,
567 3042 644 3102 duro
659 3040 714 3101 tibi
729 3046 856 3115 pectora
870 3042 951 3101 ferro

210 3123 298 3197 Esse,
318 3127 368 3184 vel
383 3125 498 3185 invicto
515 3126 621 3185 clausa
635 3125 796 3184 adamante
810 3132 924 3200 putem.

171 3204 233 3265 Sed
249 3208 334 3280 prius
349 3208 420 3268 huic
436 3209 537 3268 desint
550 3216 581 3268 et
593 3208 706 3268 bellum
722 3215 752 3268 et
765 3208 881 3284 frigora
895 3215 1007 3285 terrac,

210 3289 332 3352 Invisus
348 3292 437 3353 nobis
453 3309 532 3369 quae
548 3294 610 3353 duo
626 3292 741 3353 Pontus
755 3291 862 3352 habet:

127 3381 161 3436 35
171 3373 208 3433 tlt
221 3375 343 3448 tepidus
359 3376 470 3437 boreas
487 3383 517 3437 et
531 3377 572 3438 sit
587 3375 791 3452 praefrigidus
805 3384 918 3451 auster,

208 3456 246 3516 Et
258 3459 359 3533 possit
373 3461 467 3521 fatum
481 3461 604 3521 mollius
619 3476 691 3520 esse
704 3476 815 3536 meum,
