2318 3960
98 212 160 274 238
479 208 734 271 castollum

183 362 305 423 Scilicet
319 377 338 421 a
351 361 474 422 tumulis
488 368 519 421 et
533 362 585 440 qui
600 363 735 438 periere,
755 363 939 441 propinquis

115 456 167 511 620
219 445 360 506 Protinus
378 444 419 505 ad
433 445 522 505 vivos
543 461 598 505 ora
613 446 729 506 referre
743 445 835 520 iuvat,

180 527 314 604 Postque
327 535 372 590 tot
388 528 521 589 amissos
536 528 683 604 quicquid
698 529 738 589 de
753 530 903 604 sanguine
916 537 1022 606 restat,

218 612 384 689 Aspicere,
399 618 429 672 et
442 612 564 687 generis
580 612 772 672 dinumerare
786 614 911 688 gradus

181 697 306 757 innocui
321 697 452 756 veniant.
483 697 591 771 procul
609 695 694 761 irinc.
710 697 816 772 procul
831 696 944 772 impius
960 707 1028 759 esto

221 779 340 854 Frater,
357 787 386 839 et
404 778 435 837 in
452 789 558 854 partus
572 791 669 839 mater
687 781 799 840 acerba
813 796 898 853 suos,

117 871 168 926 625
184 862 238 922 Cui
253 871 340 937 pater
355 870 402 924 est
415 862 524 938 vivax,
540 863 592 938 qai
606 861 710 923 matris
727 863 837 939 digerit
850 880 960 940 annos,

223 945 307 1020 Quae
322 947 430 1022 premit
445 946 576 1006 invisam
596 961 705 1007 socrus
721 947 826 1022 iniqua
841 964 960 1009 nurum.

180 1030 357 1090 Tantalidae
371 1031 481 1090 tratres
496 1030 610 1102 absint,
627 1038 657 1090 et
670 1031 790 1091 Iasonis
805 1046 892 1104 uxor,

221 1113 258 1173 Et
273 1129 353 1190 quae
370 1113 510 1174 ruricolis
525 1114 643 1173 semina
657 1122 738 1174 tosta
753 1114 846 1187 dedit,

181 1196 219 1256 Et
233 1213 323 1257 soror
337 1204 368 1258 et
381 1197 512 1271 Procne,
528 1197 706 1273 Tereusque
722 1197 842 1258 duabus
858 1197 991 1273 iniquus,

117 1295 168 1350 630
223 1281 261 1341 Et
276 1281 461 1357 quicumque
478 1297 551 1341 suas
567 1298 622 1356 per
636 1283 738 1342 scelus
753 1289 844 1356 auget
858 1297 946 1356 opes.

181 1365 235 1424 Dis
249 1366 370 1440 generis
386 1365 456 1425 date
469 1372 537 1425 tura
550 1366 632 1426 boni.
662 1366 832 1426 Concordia
847 1366 942 1425 senar

222 1449 277 1508 iila
293 1449 457 1525 praecipue
471 1449 551 1508 mitis
566 1450 680 1510 adesse
695 1449 754 1510 die.

180 1532 218 1591 Et
230 1532 321 1592 libate
337 1534 449 1607 dapes,
464 1539 512 1609 ut,
527 1535 604 1607 grati
621 1534 732 1609 pignus
746 1532 882 1606 honoris,

220 1617 335 1676 Nutriat
349 1617 498 1677 incinctos
513 1617 609 1678 missa
623 1618 735 1693 patella
748 1618 852 1677 Lares.

120 1709 170 1764 635
184 1699 309 1775 Iamque
323 1700 376 1761 ubi
391 1700 532 1761 suadebit
549 1701 690 1775 placidos
705 1717 768 1762 nox
783 1699 908 1761 humida
925 1715 1063 1776 somnos,

222 1783 321 1858 Larga
336 1784 489 1859 precaturi
504 1785 614 1844 sumite
628 1785 701 1844 vina
715 1801 816 1859 nnana,

180 1869 217 1928 m
231 1867 327 1927 ‘Bene
344 1884 418 1939 vos,
433 1866 514 1927 bene
527 1875 573 1941 te,
590 1870 706 1943 patriae
721 1876 822 1943 pater,
838 1867 953 1944 optime
968 1868 1098 1930 caesari

222 1951 320 2012 Dicite
334 1949 453 2013 suffuso
469 1958 515 2013 ter
528 1951 612 2011 bona
627 1953 721 2012 verba
738 1968 832 2011 mero.

468 2085 518 2148 23.
549 2086 744 2146 FTaR-rr

181 2203 249 2263 Nox
263 2203 315 2264 ubi
329 2204 497 2279 transierit,
513 2201 603 2264 solito
619 2204 788 2265 celebretur
802 2203 921 2264 honore

119 2297 170 2353 640
227 2285 357 2362 Separat
370 2287 483 2347 indicio
500 2305 551 2362 qui
566 2288 643 2348 deus
659 2303 733 2346 arva
747 2303 815 2347 suo.

180 2370 334 2444 Termine,
351 2370 419 2430 sive
432 2371 527 2446 lapis,
543 2372 611 2431 sive
626 2387 660 2432 es
676 2372 822 2431 defossus
837 2371 868 2431 in
886 2387 961 2447 agro

223 2454 341 2530 Stipes,
358 2454 396 2514 ab
412 2454 543 2529 antiquis
559 2463 591 2515 tu
607 2470 731 2531 quoque
747 2470 857 2514 numen
872 2455 980 2516 habes.

180 2539 222 2598 Te
237 2539 298 2600 duo
314 2538 437 2598 diversa
452 2538 566 2600 domini
583 2555 640 2615 pro
655 2545 742 2614 parte
758 2546 914 2610 coronant,

221 2622 359 2697 Binaque
373 2630 456 2683 serta
469 2622 522 2684 tibi
537 2623 672 2698 binaque
685 2621 748 2681 liba
762 2623 870 2681 ferunt.

117 2712 168 2765 645
183 2707 246 2766 Ara
260 2707 302 2766 lit.
324 2707 384 2766 huc
400 2707 501 2782 ignem
516 2714 601 2768 curto
617 2708 674 2766 lert
688 2706 803 2766 rustica
816 2712 896 2766 testu

223 2790 383 2865 Sumptum
398 2790 438 2850 de
453 2788 565 2866 tepidis
581 2791 651 2865 ipsa
666 2791 776 2850 colona
791 2789 879 2850 locis.

181 2873 278 2948 Ligna
292 2889 389 2933 senex
403 2874 524 2947 minuit,
540 2875 729 2948 concisaque
744 2873 891 2932 construit
905 2878 985 2946 arte,

223 2957 261 3018 Et
275 2957 376 3018 solida
389 2973 492 3020 ramos
508 2958 602 3033 ligere
620 2964 735 3034 pugnat
748 2957 851 3017 humo.

181 3040 255 3101 Tum
272 3041 355 3102 sicco
372 3041 486 3117 primas
501 3041 601 3102 inritat
616 3042 728 3102 cortice
743 3040 898 3102 flammeae

118 3139 169 3191 650
224 3124 289 3185 Stat
304 3141 380 3205 puer
395 3133 425 3186 et
439 3125 579 3187 manibus
594 3128 655 3185 lata
669 3125 803 3185 canistra
816 3133 907 3187 tenet.

182 3208 256 3268 Inde
270 3208 322 3269 ubi
337 3216 383 3268 ter
401 3210 504 3284 fruges
520 3210 639 3271 medios
654 3209 778 3268 immisit
791 3208 821 3267 in
838 3209 926 3284 ignis.

220 3291 349 3368 Porrigit
362 3293 479 3354 incisos
495 3293 557 3352 lilia
572 3310 669 3369 parva
683 3294 784 3354 favos,

180 3376 262 3435 Vina
276 3382 380 3436 tenent
395 3378 455 3439 alii.
484 3376 616 3438 libantur
631 3377 750 3452 singula
764 3374 905 3446 flammis,
1003 3420 1012 3430 ,

226 3459 384 3537 Spectant,
400 3469 430 3522 ot
444 3462 554 3536 linguis
570 3461 701 3522 candida
715 3460 803 3520 turba
818 3461 909 3520 lavat.
