2318 3960
98 196 158 260 306
487 191 741 255 FASTORUM

117 359 167 411 000
223 346 368 423 Adgemit
382 346 508 407 Alcides
523 345 772 421 Haemoniusque
792 360 876 420 puer.

180 434 252 508 tpse
270 440 369 492 tamen
384 430 480 490 lectas
496 429 662 504 Pagasaeis
678 429 806 488 collibus
821 428 934 490 herbas

222 517 395 592 Temperat,
417 519 446 572 et
460 529 540 572 vana
555 514 682 574 volnera
696 513 807 573 mulcet
826 527 896 588 ope.

180 601 271 660 Virus
286 599 366 658 edax
382 596 547 672 superabat
567 611 671 672 opem,
689 595 872 673 penitusque
886 603 1012 673 recepta

223 682 351 744 Ossibus
367 689 396 741 et
413 686 476 742 tote
494 695 624 755 corpore
639 680 735 755 pestis
752 687 825 739 erat.

116 777 166 829 405
183 767 244 828 San
267 767 337 828 uine
353 764 492 826 Centauri
506 765 662 823 Lernaeae
677 763 802 838 sanguis
820 763 971 824 echidnae

253 851 334 910 ixtus
349 849 389 908 ad
404 847 548 907 arixilium
564 854 701 923 tempora
719 848 800 907 nulia
815 846 916 926 dabat

181 934 299 1009 Stabat,
319 938 436 993 utente
450 940 583 1007 patrem,
604 931 736 991 lacrimis
756 933 900 1006 pertusus
914 931 1061 993 Achilles.

223 1018 274 1079 Sic
289 1016 411 1077 flendus
425 1015 550 1091 Peleus,
570 1016 597 1075 si
612 1022 795 1088 moreretur,
813 1023 887 1075 erat.

181 1101 282 1177 Saepe
298 1117 407 1161 manus
427 1116 537 1175 aegras
553 1101 694 1160 manibus
710 1099 843 1175 fingebat
856 1099 1011 1160 amicisz...

117 1195 169 1248 ilo
222 1185 357 1258 Morum,
375 1200 455 1264 quos
470 1183 555 1257 iecit,
572 1183 709 1259 praemia
724 1184 834 1245 doctor
846 1183 969 1244 habet...

181 1268 292 1331 Oscula
307 1284 403 1345 saepe
419 1267 512 1328 dedit.
543 1267 619 1328 dixit
633 1284 759 1344 quoque
774 1282 869 1343 saepe
883 1267 1009 1330 iacenti:

219 1355 325 1428 ε11100,
345 1368 469 1428 precor,
485 1367 542 1411 nec
556 1367 620 1426 me,
638 1368 723 1426 care,
739 1353 892 1427 relinque,
908 1358 997 1428 pater
1004 1357 1024 1412 t’

179 1439 266 1509 Nona
281 1437 348 1498 dies
365 1438 484 1509 aderat,
502 1451 570 1496 cum
587 1442 633 1511 tu,
655 1437 821 1499 iustissime
835 1435 955 1512 Chiron,

221 1522 273 1582 Bis
289 1528 408 1597 septem
422 1520 518 1580 stellis
534 1535 666 1596 corpora
681 1521 798 1583 cinctus
814 1536 892 1580 eras.

459 1651 490 1715 4.
513 1653 592 1732 [nc]
638 1652 667 1714 5.
689 1655 745 1716 uc

117 1785 166 1837 415
180 1775 267 1836 Hunc
280 1775 363 1852 Lyra
377 1789 472 1834 curva
487 1773 576 1848 sequi
592 1782 727 1849 cuperet.
756 1774 814 1836 sed
827 1774 940 1838 idonea
954 1777 1090 1838 nondum

220 1859 274 1918 Est
289 1859 346 1918 via.
377 1872 439 1918 nox
454 1863 557 1933 aptum
573 1859 661 1918 tertia
673 1865 794 1935 tempus
810 1859 876 1921 erit.

549 1992 654 2053 (tec

180 2111 327 2186 Scorpius
343 2109 373 2168 in
393 2112 493 2184 caelo,
511 2126 580 2170 cum
595 2127 664 2171 cras
680 2111 838 2171 lucescere
851 2112 956 2176 Nonas

220 2194 371 2267 Dicimus,
392 2210 410 2254 a
425 2194 527 2253 media
546 2201 631 2269 parte
647 2200 769 2256 notatus
784 2194 848 2255 crit.
934 2230 936 2235 ·

253 2323 283 2386 7.
306 2328 330 2386 G
352 2325 494 2386 NON-N
538 2325 568 2388 8.
590 2328 646 2388 HF
689 2329 719 2389 9.
742 2330 937 2392 ntem-tt

178 2446 255 2506 Hinc
269 2445 321 2504 ubi
335 2446 495 2520 protulerit
508 2446 645 2507 formosa
659 2453 705 2507 ter
718 2448 877 2522 Hesperus
897 2463 960 2522 ora,

114 2541 165 2593 420
220 2528 278 2588 Ter
294 2529 433 2590 dederint
446 2529 571 2590 Phoebe
589 2530 693 2591 sidera
709 2531 790 2591 victa
803 2532 913 2606 iocum,

180 2613 266 2674 Ritus
283 2614 338 2673 erit
352 2613 481 2688 veteris,
497 2621 646 2676 nocturna
660 2615 816 2690 Lemuria,
831 2615 922 2675 sacri.

220 2697 346 2757 Inferias
361 2698 460 2758 tacitIs
475 2699 616 2759 manibus
632 2699 683 2758 ilia
696 2698 819 2759 dabunt.

177 2781 287 2841 Annus
302 2790 367 2842 erat
381 2781 519 2855 brevior,
536 2798 594 2842 nec
609 2782 711 2842 adhuc
727 2783 777 2857 pia
793 2781 900 2844 februa
916 2791 1034 2860 norant,

219 2864 282 2924 Nec
296 2872 329 2925 tu
343 2866 406 2926 dux
420 2881 575 2939 mensum,
591 2867 664 2925 Iane
677 2864 830 2938 biformis,
847 2881 933 2927 erasa

113 2956 162 3009 425
178 2949 241 3007 Iam
255 2955 355 3014 tamen
370 2950 501 3011 extincto
518 2951 611 3010 cineri
626 2965 683 3010 sua
697 2951 780 3009 dona
794 2951 941 3025 serebant,

222 3032 451 3109 Compositique
465 3049 564 3109 nepos
578 3033 669 3094 busta
687 3034 791 3109 piabat
804 3033 863 3094 avi.

177 3115 292 3176 Mensis
312 3127 377 3178 erat
390 3117 503 3191 Maius,
519 3117 667 3178 maiorum
681 3117 804 3177 nomine
819 3117 928 3192 dictus,

221 3198 407 3275 Quipartem
421 3200 515 3277 prisci
530 3218 611 3264 nunc
632 3214 756 3276 quoque
770 3201 865 3262 moris
879 3200 981 3262 habet.

179 3282 247 3342 Nox
262 3282 312 3342 ubi
333 3285 393 3345 iam
406 3285 507 3345 media
522 3293 583 3361 est,
598 3301 772 3361 somnoque
786 3285 907 3346 silentia
921 3283 1058 3361 praebet,

115 3371 165 3423 neo
220 3365 258 3425 Et
272 3369 356 3430 canis
372 3376 402 3428 et
416 3369 518 3428 variae
533 3369 720 3430 conticuistis
735 3385 820 3445 aves,

177 3448 231 3507 lile
246 3465 362 3512 memor
376 3453 488 3514 veteris
503 3453 576 3513 ritus
590 3453 777 3529 timidusque
792 3453 919 3514 deorum
