<?xml version="1.0" encoding="UTF-8"?>
<!DOCTYPE html PUBLIC "-//W3C//DTD XHTML 1.0 Transitional//EN"
    "http://www.w3.org/TR/xhtml1/DTD/xhtml1-transitional.dtd">
<html xmlns="http://www.w3.org/1999/xhtml" xml:lang="en" lang="en">
 <head>
  <title>
</title>
<meta http-equiv="Content-Type" content="text/html;charset=utf-8" />
  <meta name='ocr-system' content='tesseract 3.04.00' />
  <meta name='ocr-capabilities' content='ocr_page ocr_carea ocr_par ocr_line ocrx_word'/>
</head>
<body>
  <div class='ocr_page' id='page_1' title='image "./povidiusnasoexr00merkgoog_0175.png"; bbox 0 0 2318 3960; ppageno 0'>
   <div class='ocr_carea' id='block_1_1' title="bbox 98 186 717 254">
    <p class='ocr_par' dir='ltr' id='par_1_1' title="bbox 98 186 717 254">
     <span class='ocr_line' id='line_1_1' title="bbox 98 186 717 254; baseline -0.005 0"><span class='ocrx_word' id='word_1_1' title='bbox 98 188 157 254; x_wconf 87' lang='lat'><strong>158</strong></span> <span class='ocrx_word' id='word_1_2' title='bbox 486 188 545 249; x_wconf 78' lang='lat' dir='ltr'><strong>EX</strong></span> <span class='ocrx_word' id='word_1_3' title='bbox 568 186 717 251; x_wconf 84' lang='grc' dir='ltr'>ΡΟΝΤΟ</span> 
     </span>
    </p>
   </div>
   <div class='ocr_carea' id='block_1_2' title="bbox 115 339 1097 3353">
    <p class='ocr_par' dir='ltr' id='par_1_2' title="bbox 115 339 1097 3353">
     <span class='ocr_line' id='line_1_2' title="bbox 180 339 933 416; baseline -0.004 -13"><span class='ocrx_word' id='word_1_4' title='bbox 180 342 282 404; x_wconf 78' lang='lat' dir='ltr'><strong>Gratia</strong></span> <span class='ocrx_word' id='word_1_5' title='bbox 296 344 323 403; x_wconf 93' lang='lat' dir='ltr'><strong>si</strong></span> <span class='ocrx_word' id='word_1_6' title='bbox 337 343 419 403; x_wconf 90' lang='lat' dir='ltr'><strong>nulla</strong></span> <span class='ocrx_word' id='word_1_7' title='bbox 434 349 490 416; x_wconf 90' lang='lat' dir='ltr'><strong>est,</strong></span> <span class='ocrx_word' id='word_1_8' title='bbox 512 342 656 401; x_wconf 82' lang='lat' dir='ltr'><strong>lacrimae</strong></span> <span class='ocrx_word' id='word_1_9' title='bbox 671 339 723 400; x_wconf 91' lang='lat' dir='ltr'><strong>tibi</strong></span> <span class='ocrx_word' id='word_1_10' title='bbox 737 339 835 415; x_wconf 86' lang='lat' dir='ltr'><strong>gratia</strong></span> <span class='ocrx_word' id='word_1_11' title='bbox 849 339 933 402; x_wconf 84' lang='lat' dir='ltr'><strong>dent.</strong></span> 
     </span>
     <span class='ocr_line' id='line_1_3' title="bbox 119 422 929 503; baseline -0.009 -14"><span class='ocrx_word' id='word_1_12' title='bbox 119 438 166 489; x_wconf 89' lang='lat' dir='ltr'><strong>too</strong></span> <span class='ocrx_word' id='word_1_13' title='bbox 218 427 283 487; x_wconf 90' lang='lat' dir='ltr'><strong>Hac</strong></span> <span class='ocrx_word' id='word_1_14' title='bbox 298 434 397 503; x_wconf 90' lang='lat' dir='ltr'><strong>potes,</strong></span> <span class='ocrx_word' id='word_1_15' title='bbox 420 433 472 486; x_wconf 89' lang='lat' dir='ltr'><strong>aut</strong></span> <span class='ocrx_word' id='word_1_16' title='bbox 485 427 575 501; x_wconf 89' lang='lat' dir='ltr'><strong>nulla,</strong></span> <span class='ocrx_word' id='word_1_17' title='bbox 599 432 685 501; x_wconf 88' lang='lat' dir='ltr'><strong>parte</strong></span> <span class='ocrx_word' id='word_1_18' title='bbox 699 438 825 484; x_wconf 88' lang='lat' dir='ltr'><strong>movere</strong></span> <span class='ocrx_word' id='word_1_19' title='bbox 839 422 929 486; x_wconf 89' lang='lat' dir='ltr'><strong>deos.</strong></span> 
     </span>
     <span class='ocr_line' id='line_1_4' title="bbox 179 508 1048 585; baseline -0.006 -14"><span class='ocrx_word' id='word_1_20' title='bbox 179 511 262 585; x_wconf 85' lang='lat' dir='ltr'><strong>Quae</strong></span> <span class='ocrx_word' id='word_1_21' title='bbox 276 511 330 570; x_wconf 90' lang='lat' dir='ltr'><strong>tihi</strong></span> <span class='ocrx_word' id='word_1_22' title='bbox 344 527 383 570; x_wconf 90' lang='lat' dir='ltr'><strong>ne</strong></span> <span class='ocrx_word' id='word_1_23' title='bbox 399 510 508 583; x_wconf 83' lang='lat' dir='ltr'><strong>desint,</strong></span> <span class='ocrx_word' id='word_1_24' title='bbox 533 509 610 569; x_wconf 89' lang='lat' dir='ltr'><strong>bene</strong></span> <span class='ocrx_word' id='word_1_25' title='bbox 625 524 680 585; x_wconf 89' lang='lat' dir='ltr'><strong>per</strong></span> <span class='ocrx_word' id='word_1_26' title='bbox 693 508 773 569; x_wconf 88' lang='lat' dir='ltr'><strong>mela</strong></span> <span class='ocrx_word' id='word_1_27' title='bbox 788 513 895 568; x_wconf 89' lang='lat' dir='ltr'><strong>nostra</strong></span> <span class='ocrx_word' id='word_1_28' title='bbox 908 514 1048 571; x_wconf 74' lang='lat' dir='ltr'><strong>caveturt</strong></span> 
     </span>
     <span class='ocr_line' id='line_1_5' title="bbox 217 593 845 670; baseline -0.008 -16"><span class='ocrx_word' id='word_1_29' title='bbox 217 595 331 670; x_wconf 84' lang='lat' dir='ltr'>Meque</span> <span class='ocrx_word' id='word_1_30' title='bbox 345 595 412 654; x_wconf 90' lang='lat' dir='ltr'><strong>viro</strong></span> <span class='ocrx_word' id='word_1_31' title='bbox 427 593 523 654; x_wconf 85' lang='lat' dir='ltr'><strong>flendi</strong></span> <span class='ocrx_word' id='word_1_32' title='bbox 538 594 629 669; x_wconf 88' lang='lat' dir='ltr'><strong>copia</strong></span> <span class='ocrx_word' id='word_1_33' title='bbox 644 594 731 653; x_wconf 91' lang='lat' dir='ltr'><strong>dives</strong></span> <span class='ocrx_word' id='word_1_34' title='bbox 747 593 845 655; x_wconf 86' lang='lat' dir='ltr'><strong>adest.</strong></span> 
     </span>
     <span class='ocr_line' id='line_1_6' title="bbox 177 674 1038 765; baseline -0.001 -26"><span class='ocrx_word' id='word_1_35' title='bbox 177 679 278 765; x_wconf 82' lang='lat' dir='ltr'><strong>thue</strong></span> <span class='ocrx_word' id='word_1_36' title='bbox 292 691 383 738; x_wconf 88' lang='lat' dir='ltr'><strong>meae</strong></span> <span class='ocrx_word' id='word_1_37' title='bbox 393 693 444 738; x_wconf 86' lang='lat' dir='ltr'><strong>res</strong></span> <span class='ocrx_word' id='word_1_38' title='bbox 460 683 539 751; x_wconf 89' lang='lat' dir='ltr'><strong>sunt,</strong></span> <span class='ocrx_word' id='word_1_39' title='bbox 563 678 654 752; x_wconf 90' lang='lat' dir='ltr'><strong>omni,</strong></span> <span class='ocrx_word' id='word_1_40' title='bbox 676 683 760 752; x_wconf 91' lang='lat' dir='ltr'><strong>puto,</strong></span> <span class='ocrx_word' id='word_1_41' title='bbox 782 683 921 751; x_wconf 87' lang='lat' dir='ltr'><strong>tempore</strong></span> <span class='ocrx_word' id='word_1_42' title='bbox 935 674 1038 738; x_wconf 81' lang='lat' dir='ltr'><strong>flebis.</strong></span> 
     </span>
     <span class='ocr_line' id='line_1_7' title="bbox 217 761 873 834; baseline -0.006 -13"><span class='ocrx_word' id='word_1_43' title='bbox 217 763 281 821; x_wconf 91' lang='lat' dir='ltr'><strong>Has</strong></span> <span class='ocrx_word' id='word_1_44' title='bbox 298 763 419 822; x_wconf 81' lang='lat' dir='ltr'><strong>fortuna</strong></span> <span class='ocrx_word' id='word_1_45' title='bbox 433 761 486 821; x_wconf 90' lang='lat' dir='ltr'><strong>tibi</strong></span> <span class='ocrx_word' id='word_1_46' title='bbox 502 769 606 821; x_wconf 89' lang='lat' dir='ltr'><strong>nostra</strong></span> <span class='ocrx_word' id='word_1_47' title='bbox 621 761 771 821; x_wconf 85' lang='lat' dir='ltr'><strong>ministret</strong></span> <span class='ocrx_word' id='word_1_48' title='bbox 785 775 873 834; x_wconf 88' lang='lat' dir='ltr'><strong>opes.</strong></span> 
     </span>
     <span class='ocr_line' id='line_1_8' title="bbox 119 842 1097 922; baseline 0 -16"><span class='ocrx_word' id='word_1_49' title='bbox 119 855 166 906; x_wconf 81' lang='grc'><strong>111</strong></span> <span class='ocrx_word' id='word_1_50' title='bbox 179 845 212 908; x_wconf 91' lang='lat' dir='ltr'><strong>Si</strong></span> <span class='ocrx_word' id='word_1_51' title='bbox 226 861 295 906; x_wconf 89' lang='grc'><strong>1111</strong></span> <span class='ocrx_word' id='word_1_52' title='bbox 309 861 392 905; x_wconf 91' lang='lat' dir='ltr'><strong>mors</strong></span> <span class='ocrx_word' id='word_1_53' title='bbox 406 845 585 905; x_wconf 89' lang='lat' dir='ltr'><strong>redimenda</strong></span> <span class='ocrx_word' id='word_1_54' title='bbox 598 854 680 906; x_wconf 87' lang='lat' dir='ltr'><strong>tua...</strong></span> <span class='ocrx_word' id='word_1_55' title='bbox 697 845 783 920; x_wconf 91' lang='lat' dir='ltr'><strong>quod</strong></span> <span class='ocrx_word' id='word_1_56' title='bbox 796 842 987 906; x_wconf 85' lang='lat' dir='ltr'><strong>abominor...</strong></span> <span class='ocrx_word' id='word_1_57' title='bbox 1002 853 1097 922; x_wconf 81' lang='lat' dir='ltr'><strong>esset,</strong></span> 
     </span>
     <span class='ocr_line' id='line_1_9' title="bbox 220 929 909 1004; baseline -0.001 -16"><span class='ocrx_word' id='word_1_58' title='bbox 220 929 343 989; x_wconf 87' lang='lat' dir='ltr'><strong>Admeti</strong></span> <span class='ocrx_word' id='word_1_59' title='bbox 358 929 499 1003; x_wconf 86' lang='lat' dir='ltr'><strong>coniunx,</strong></span> <span class='ocrx_word' id='word_1_60' title='bbox 521 946 611 1003; x_wconf 90' lang='lat' dir='ltr'><strong>quarn</strong></span> <span class='ocrx_word' id='word_1_61' title='bbox 626 929 812 1004; x_wconf 81' lang='lat' dir='ltr'><strong>sequereris,</strong></span> <span class='ocrx_word' id='word_1_62' title='bbox 835 934 909 988; x_wconf 87' lang='lat' dir='ltr'><strong>erat.</strong></span> 
     </span>
     <span class='ocr_line' id='line_1_10' title="bbox 177 1011 908 1088; baseline 0.001 -17"><span class='ocrx_word' id='word_1_63' title='bbox 177 1013 307 1073; x_wconf 83' lang='lat' dir='ltr'><strong>Aemula</strong></span> <span class='ocrx_word' id='word_1_64' title='bbox 320 1012 490 1088; x_wconf 84' lang='lat' dir='ltr'><strong>Penelopes</strong></span> <span class='ocrx_word' id='word_1_65' title='bbox 506 1013 607 1087; x_wconf 86' lang='lat' dir='ltr'><strong>fieres,</strong></span> <span class='ocrx_word' id='word_1_66' title='bbox 630 1013 657 1073; x_wconf 90' lang='lat' dir='ltr'><strong>si</strong></span> <span class='ocrx_word' id='word_1_67' title='bbox 671 1013 781 1073; x_wconf 79' lang='lat' dir='ltr'><strong>fraude</strong></span> <span class='ocrx_word' id='word_1_68' title='bbox 793 1011 908 1087; x_wconf 89' lang='lat' dir='ltr'><strong>pudica</strong></span> 
     </span>
     <span class='ocr_line' id='line_1_11' title="bbox 219 1096 843 1172; baseline 0 -17"><span class='ocrx_word' id='word_1_69' title='bbox 219 1096 361 1158; x_wconf 88' lang='lat' dir='ltr'><strong>instantis</strong></span> <span class='ocrx_word' id='word_1_70' title='bbox 375 1097 473 1156; x_wconf 91' lang='lat' dir='ltr'><strong>velles</strong></span> <span class='ocrx_word' id='word_1_71' title='bbox 489 1097 594 1156; x_wconf 87' lang='lat' dir='ltr'><strong>lallare</strong></span> <span class='ocrx_word' id='word_1_72' title='bbox 609 1103 705 1172; x_wconf 90' lang='lat' dir='ltr'><strong>nupta</strong></span> <span class='ocrx_word' id='word_1_73' title='bbox 719 1111 843 1172; x_wconf 86' lang='lat' dir='ltr'><strong>procos.</strong></span> 
     </span>
     <span class='ocr_line' id='line_1_12' title="bbox 178 1178 895 1255; baseline -0.003 -15"><span class='ocrx_word' id='word_1_74' title='bbox 178 1179 211 1240; x_wconf 83' lang='lat' dir='ltr'><strong>st</strong></span> <span class='ocrx_word' id='word_1_75' title='bbox 228 1195 334 1242; x_wconf 91' lang='lat' dir='ltr'><strong>eomes</strong></span> <span class='ocrx_word' id='word_1_76' title='bbox 348 1180 472 1241; x_wconf 82' lang='lat' dir='ltr'><strong>extincti</strong></span> <span class='ocrx_word' id='word_1_77' title='bbox 487 1196 593 1241; x_wconf 90' lang='lat' dir='ltr'><strong>manes</strong></span> <span class='ocrx_word' id='word_1_78' title='bbox 608 1195 774 1255; x_wconf 86' lang='lat' dir='ltr'><strong>sequerere</strong></span> <span class='ocrx_word' id='word_1_79' title='bbox 788 1178 895 1251; x_wconf 88' lang='lat' dir='ltr'><strong>mariti,</strong></span> 
     </span>
     <span class='ocr_line' id='line_1_13' title="bbox 118 1264 722 1335; baseline 0.002 -13"><span class='ocrx_word' id='word_1_80' title='bbox 118 1283 167 1335; x_wconf 88' lang='lat'><strong>110</strong></span> <span class='ocrx_word' id='word_1_81' title='bbox 219 1264 310 1325; x_wconf 81' lang='lat' dir='ltr'><strong>Esset</strong></span> <span class='ocrx_word' id='word_1_82' title='bbox 324 1264 389 1326; x_wconf 85' lang='lat' dir='ltr'><strong>dux</strong></span> <span class='ocrx_word' id='word_1_83' title='bbox 403 1265 473 1324; x_wconf 84' lang='lat' dir='ltr'><strong>lacti</strong></span> <span class='ocrx_word' id='word_1_84' title='bbox 488 1264 654 1324; x_wconf 90' lang='lat' dir='ltr'><strong>Laodamia</strong></span> <span class='ocrx_word' id='word_1_85' title='bbox 668 1264 722 1324; x_wconf 84' lang='lat' dir='ltr'><strong>tui.</strong></span> 
     </span>
     <span class='ocr_line' id='line_1_14' title="bbox 177 1347 941 1423; baseline 0 -16"><span class='ocrx_word' id='word_1_86' title='bbox 177 1348 280 1423; x_wconf 83' lang='lat' dir='ltr'><strong>Iphias</strong></span> <span class='ocrx_word' id='word_1_87' title='bbox 296 1356 366 1408; x_wconf 89' lang='lat' dir='ltr'><strong>ante</strong></span> <span class='ocrx_word' id='word_1_88' title='bbox 381 1349 488 1410; x_wconf 90' lang='lat' dir='ltr'><strong>oculos</strong></span> <span class='ocrx_word' id='word_1_89' title='bbox 503 1347 556 1409; x_wconf 86' lang='lat' dir='ltr'><strong>tibi</strong></span> <span class='ocrx_word' id='word_1_90' title='bbox 571 1357 636 1408; x_wconf 89' lang='lat' dir='ltr'><strong>erat</strong></span> <span class='ocrx_word' id='word_1_91' title='bbox 650 1347 803 1423; x_wconf 89' lang='lat' dir='ltr'><strong>ponenda,</strong></span> <span class='ocrx_word' id='word_1_92' title='bbox 825 1347 941 1408; x_wconf 90' lang='lat' dir='ltr'><strong>volenti</strong></span> 
     </span>
     <span class='ocr_line' id='line_1_15' title="bbox 219 1431 888 1507; baseline -0.006 -14"><span class='ocrx_word' id='word_1_93' title='bbox 219 1432 336 1507; x_wconf 86' lang='lat' dir='ltr'><strong>Corpus</strong></span> <span class='ocrx_word' id='word_1_94' title='bbox 351 1431 382 1492; x_wconf 92' lang='lat' dir='ltr'><strong>in</strong></span> <span class='ocrx_word' id='word_1_95' title='bbox 396 1448 547 1493; x_wconf 90' lang='lat' dir='ltr'><strong>accensos</strong></span> <span class='ocrx_word' id='word_1_96' title='bbox 562 1432 678 1492; x_wconf 89' lang='lat' dir='ltr'><strong>mittere</strong></span> <span class='ocrx_word' id='word_1_97' title='bbox 693 1431 770 1493; x_wconf 83' lang='lat' dir='ltr'><strong>sorte</strong></span> <span class='ocrx_word' id='word_1_98' title='bbox 784 1446 888 1507; x_wconf 88' lang='lat' dir='ltr'><strong>rogos.</strong></span> 
     </span>
     <span class='ocr_line' id='line_1_16' title="bbox 176 1515 883 1591; baseline -0.001 -16"><span class='ocrx_word' id='word_1_99' title='bbox 176 1515 274 1576; x_wconf 87' lang='lat' dir='ltr'><strong>Morte</strong></span> <span class='ocrx_word' id='word_1_100' title='bbox 289 1515 362 1576; x_wconf 92' lang='lat' dir='ltr'><strong>nihil</strong></span> <span class='ocrx_word' id='word_1_101' title='bbox 378 1530 457 1591; x_wconf 90' lang='lat' dir='ltr'><strong>opus</strong></span> <span class='ocrx_word' id='word_1_102' title='bbox 473 1523 528 1589; x_wconf 79' lang='lat' dir='ltr'><strong>est,</strong></span> <span class='ocrx_word' id='word_1_103' title='bbox 552 1516 625 1575; x_wconf 85' lang='lat' dir='ltr'><strong>nihil</strong></span> <span class='ocrx_word' id='word_1_104' title='bbox 639 1516 800 1576; x_wconf 86' lang='lat' dir='ltr'><strong>Icariotide</strong></span> <span class='ocrx_word' id='word_1_105' title='bbox 813 1515 883 1576; x_wconf 84' lang='grc'><strong>1111.</strong></span> 
     </span>
     <span class='ocr_line' id='line_1_17' title="bbox 219 1598 888 1676; baseline 0.001 -17"><span class='ocrx_word' id='word_1_106' title='bbox 219 1598 359 1660; x_wconf 85' lang='lat' dir='ltr'><strong>Caesaris</strong></span> <span class='ocrx_word' id='word_1_107' title='bbox 375 1606 422 1660; x_wconf 90' lang='lat' dir='ltr'><strong>est</strong></span> <span class='ocrx_word' id='word_1_108' title='bbox 437 1599 570 1660; x_wconf 90' lang='lat' dir='ltr'><strong>coniunx</strong></span> <span class='ocrx_word' id='word_1_109' title='bbox 588 1615 641 1660; x_wconf 89' lang='lat' dir='ltr'><strong>ore</strong></span> <span class='ocrx_word' id='word_1_110' title='bbox 656 1599 812 1676; x_wconf 88' lang='lat' dir='ltr'><strong>precanda</strong></span> <span class='ocrx_word' id='word_1_111' title='bbox 826 1605 888 1674; x_wconf 90' lang='lat' dir='ltr'><strong>tuo,</strong></span> 
     </span>
     <span class='ocr_line' id='line_1_18' title="bbox 117 1682 947 1758; baseline 0.005 -16"><span class='ocrx_word' id='word_1_112' title='bbox 117 1682 260 1756; x_wconf 70' lang='lat' dir='ltr'><strong>nsotrae</strong></span> <span class='ocrx_word' id='word_1_113' title='bbox 275 1689 411 1757; x_wconf 82' lang='lat' dir='ltr'><strong>praestat</strong></span> <span class='ocrx_word' id='word_1_114' title='bbox 424 1683 533 1743; x_wconf 88' lang='lat' dir='ltr'><strong>virtute</strong></span> <span class='ocrx_word' id='word_1_115' title='bbox 548 1700 614 1757; x_wconf 90' lang='lat' dir='ltr'><strong>sua,</strong></span> <span class='ocrx_word' id='word_1_116' title='bbox 636 1699 675 1743; x_wconf 91' lang='lat' dir='ltr'><strong>ne</strong></span> <span class='ocrx_word' id='word_1_117' title='bbox 690 1683 793 1758; x_wconf 89' lang='lat' dir='ltr'><strong>prisea</strong></span> <span class='ocrx_word' id='word_1_118' title='bbox 808 1690 947 1746; x_wconf 87' lang='lat' dir='ltr'><strong>vetustas</strong></span> 
     </span>
     <span class='ocr_line' id='line_1_19' title="bbox 219 1766 908 1842; baseline 0.001 -17"><span class='ocrx_word' id='word_1_119' title='bbox 219 1766 326 1826; x_wconf 90' lang='lat' dir='ltr'><strong>Laude</strong></span> <span class='ocrx_word' id='word_1_120' title='bbox 341 1767 505 1841; x_wconf 87' lang='lat' dir='ltr'><strong>pudicitiae</strong></span> <span class='ocrx_word' id='word_1_121' title='bbox 520 1767 644 1827; x_wconf 88' lang='lat' dir='ltr'><strong>saecula</strong></span> <span class='ocrx_word' id='word_1_122' title='bbox 661 1774 767 1828; x_wconf 88' lang='lat' dir='ltr'><strong>nostra</strong></span> <span class='ocrx_word' id='word_1_123' title='bbox 780 1775 908 1842; x_wconf 90' lang='lat' dir='ltr'><strong>premat.</strong></span> 
     </span>
     <span class='ocr_line' id='line_1_20' title="bbox 178 1849 980 1924; baseline 0.005 -14"><span class='ocrx_word' id='word_1_124' title='bbox 178 1849 263 1924; x_wconf 83' lang='lat' dir='ltr'><strong>Quae</strong></span> <span class='ocrx_word' id='word_1_125' title='bbox 276 1850 407 1910; x_wconf 90' lang='lat' dir='ltr'><strong>Veneris</strong></span> <span class='ocrx_word' id='word_1_126' title='bbox 422 1851 559 1923; x_wconf 82' lang='lat' dir='ltr'><strong>formam,</strong></span> <span class='ocrx_word' id='word_1_127' title='bbox 579 1866 681 1910; x_wconf 89' lang='lat' dir='ltr'><strong>mores</strong></span> <span class='ocrx_word' id='word_1_128' title='bbox 697 1851 821 1912; x_wconf 88' lang='lat' dir='ltr'><strong>lunonis</strong></span> <span class='ocrx_word' id='word_1_129' title='bbox 835 1851 980 1914; x_wconf 88' lang='lat' dir='ltr'><strong>habendo</strong></span> 
     </span>
     <span class='ocr_line' id='line_1_21' title="bbox 220 1932 830 2010; baseline -0.002 -16"><span class='ocrx_word' id='word_1_130' title='bbox 220 1932 294 1994; x_wconf 90' lang='lat' dir='ltr'><strong>Sola</strong></span> <span class='ocrx_word' id='word_1_131' title='bbox 308 1942 356 1994; x_wconf 92' lang='lat' dir='ltr'><strong>est</strong></span> <span class='ocrx_word' id='word_1_132' title='bbox 371 1935 495 1996; x_wconf 90' lang='lat' dir='ltr'><strong>caelesti</strong></span> <span class='ocrx_word' id='word_1_133' title='bbox 510 1934 602 2010; x_wconf 86' lang='lat' dir='ltr'><strong>digna</strong></span> <span class='ocrx_word' id='word_1_134' title='bbox 615 1943 738 2009; x_wconf 85' lang='lat' dir='ltr'><strong>reperta</strong></span> <span class='ocrx_word' id='word_1_135' title='bbox 752 1942 830 1995; x_wconf 90' lang='lat' dir='ltr'><strong>toro.</strong></span> 
     </span>
     <span class='ocr_line' id='line_1_22' title="bbox 178 2016 1079 2094; baseline 0.001 -16"><span class='ocrx_word' id='word_1_136' title='bbox 178 2016 256 2091; x_wconf 83' lang='lat' dir='ltr'><strong>Quid</strong></span> <span class='ocrx_word' id='word_1_137' title='bbox 270 2018 407 2094; x_wconf 89' lang='lat' dir='ltr'><strong>trepidas</strong></span> <span class='ocrx_word' id='word_1_138' title='bbox 422 2026 452 2079; x_wconf 92' lang='lat' dir='ltr'><strong>et</strong></span> <span class='ocrx_word' id='word_1_139' title='bbox 465 2019 550 2078; x_wconf 88' lang='lat' dir='ltr'><strong>adire</strong></span> <span class='ocrx_word' id='word_1_140' title='bbox 565 2019 675 2078; x_wconf 75' lang='lat' dir='ltr'><strong>times?</strong></span> <span class='ocrx_word' id='word_1_141' title='bbox 696 2034 757 2080; x_wconf 89' lang='lat' dir='ltr'><strong>non</strong></span> <span class='ocrx_word' id='word_1_142' title='bbox 772 2018 865 2094; x_wconf 88' lang='lat' dir='ltr'><strong>impia</strong></span> <span class='ocrx_word' id='word_1_143' title='bbox 878 2019 995 2082; x_wconf 87' lang='lat' dir='ltr'><strong>Procne</strong></span> <span class='ocrx_word' id='word_1_144' title='bbox 1076 2041 1079 2047; x_wconf 68' lang='grc'><strong>’</strong></span> 
     </span>
     <span class='ocr_line' id='line_1_23' title="bbox 115 2100 868 2166; baseline -0.008 0"><span class='ocrx_word' id='word_1_145' title='bbox 115 2113 166 2166; x_wconf 79' lang='lat' dir='ltr'><strong>lto</strong></span> <span class='ocrx_word' id='word_1_146' title='bbox 218 2100 333 2161; x_wconf 86' lang='lat' dir='ltr'><strong>Filiave</strong></span> <span class='ocrx_word' id='word_1_147' title='bbox 347 2103 463 2162; x_wconf 75' lang='lat' dir='ltr'><strong>Aeetae</strong></span> <span class='ocrx_word' id='word_1_148' title='bbox 478 2117 557 2163; x_wconf 92' lang='lat' dir='ltr'><strong>voce</strong></span> <span class='ocrx_word' id='word_1_149' title='bbox 571 2102 725 2161; x_wconf 89' lang='lat' dir='ltr'><strong>movenda</strong></span> <span class='ocrx_word' id='word_1_150' title='bbox 739 2109 790 2163; x_wconf 89' lang='lat' dir='ltr'><strong>tua</strong></span> <span class='ocrx_word' id='word_1_151' title='bbox 805 2109 868 2162; x_wconf 83' lang='lat' dir='ltr'><strong>est:</strong></span> 
     </span>
     <span class='ocr_line' id='line_1_24' title="bbox 176 2185 1049 2261; baseline 0.005 -19"><span class='ocrx_word' id='word_1_152' title='bbox 176 2185 238 2243; x_wconf 90' lang='lat' dir='ltr'><strong>Nec</strong></span> <span class='ocrx_word' id='word_1_153' title='bbox 252 2201 345 2245; x_wconf 91' lang='lat' dir='ltr'><strong>nurus</strong></span> <span class='ocrx_word' id='word_1_154' title='bbox 360 2186 504 2261; x_wconf 78' lang='lat' dir='ltr'><strong>Aegypti,</strong></span> <span class='ocrx_word' id='word_1_155' title='bbox 526 2202 584 2246; x_wconf 90' lang='lat' dir='ltr'><strong>nec</strong></span> <span class='ocrx_word' id='word_1_156' title='bbox 598 2201 694 2246; x_wconf 90' lang='lat' dir='ltr'><strong>saeva</strong></span> <span class='ocrx_word' id='word_1_157' title='bbox 707 2186 947 2261; x_wconf 79' lang='lat' dir='ltr'><strong>Agamemnonis</strong></span> <span class='ocrx_word' id='word_1_158' title='bbox 962 2202 1049 2261; x_wconf 84' lang='lat' dir='ltr'><strong>uxor,</strong></span> 
     </span>
     <span class='ocr_line' id='line_1_25' title="bbox 219 2265 1005 2348; baseline 0.001 -21"><span class='ocrx_word' id='word_1_159' title='bbox 219 2265 394 2343; x_wconf 79' lang='lat' dir='ltr'><strong>Scyllaque,</strong></span> <span class='ocrx_word' id='word_1_160' title='bbox 418 2285 497 2344; x_wconf 90' lang='lat' dir='ltr'><strong>quae</strong></span> <span class='ocrx_word' id='word_1_161' title='bbox 513 2268 631 2330; x_wconf 91' lang='lat' dir='ltr'><strong>Siculas</strong></span> <span class='ocrx_word' id='word_1_162' title='bbox 647 2269 771 2345; x_wconf 90' lang='lat' dir='ltr'><strong>inguine</strong></span> <span class='ocrx_word' id='word_1_163' title='bbox 786 2276 879 2332; x_wconf 87' lang='lat' dir='ltr'><strong>terret</strong></span> <span class='ocrx_word' id='word_1_164' title='bbox 892 2265 1005 2348; x_wconf 74' lang='lat' dir='ltr'><strong>aquas:</strong></span> 
     </span>
     <span class='ocr_line' id='line_1_26' title="bbox 176 2351 874 2429; baseline 0.007 -19"><span class='ocrx_word' id='word_1_165' title='bbox 176 2351 361 2424; x_wconf 82' lang='lat' dir='ltr'><strong>Telegonive</strong></span> <span class='ocrx_word' id='word_1_166' title='bbox 376 2367 488 2426; x_wconf 90' lang='lat' dir='ltr'><strong>parens</strong></span> <span class='ocrx_word' id='word_1_167' title='bbox 503 2355 658 2414; x_wconf 90' lang='lat' dir='ltr'><strong>vertendis</strong></span> <span class='ocrx_word' id='word_1_168' title='bbox 673 2360 745 2414; x_wconf 91' lang='lat' dir='ltr'><strong>nata</strong></span> <span class='ocrx_word' id='word_1_169' title='bbox 758 2353 874 2429; x_wconf 83' lang='lat' dir='ltr'><strong>figuris,</strong></span> 
     </span>
     <span class='ocr_line' id='line_1_27' title="bbox 215 2434 909 2513; baseline 0.006 -21"><span class='ocrx_word' id='word_1_170' title='bbox 215 2434 362 2508; x_wconf 85' lang='lat' dir='ltr'><strong>Nexaqae</strong></span> <span class='ocrx_word' id='word_1_171' title='bbox 376 2436 513 2497; x_wconf 90' lang='lat' dir='ltr'><strong>nodosas</strong></span> <span class='ocrx_word' id='word_1_172' title='bbox 530 2453 629 2513; x_wconf 89' lang='lat' dir='ltr'><strong>angue</strong></span> <span class='ocrx_word' id='word_1_173' title='bbox 641 2437 772 2498; x_wconf 85' lang='lat' dir='ltr'><strong>Medusa</strong></span> <span class='ocrx_word' id='word_1_174' title='bbox 787 2454 909 2501; x_wconf 71' lang='lat' dir='ltr'><strong>eomasa</strong></span> 
     </span>
     <span class='ocr_line' id='line_1_28' title="bbox 116 2517 927 2597; baseline 0.009 -21"><span class='ocrx_word' id='word_1_175' title='bbox 116 2529 165 2583; x_wconf 79' lang='lat'><strong>125</strong></span> <span class='ocrx_word' id='word_1_176' title='bbox 176 2517 301 2577; x_wconf 86' lang='lat' dir='ltr'><strong>Femina</strong></span> <span class='ocrx_word' id='word_1_177' title='bbox 317 2519 373 2578; x_wconf 92' lang='lat' dir='ltr'><strong>sed</strong></span> <span class='ocrx_word' id='word_1_178' title='bbox 387 2519 541 2597; x_wconf 68' lang='lat' dir='ltr'><strong>princeps</strong></span> <span class='ocrx_word' id='word_1_179' title='bbox 565 2522 595 2580; x_wconf 92' lang='lat' dir='ltr'><strong>in</strong></span> <span class='ocrx_word' id='word_1_180' title='bbox 612 2538 672 2597; x_wconf 91' lang='lat' dir='ltr'><strong>qua</strong></span> <span class='ocrx_word' id='word_1_181' title='bbox 686 2522 807 2582; x_wconf 81' lang='lat' dir='ltr'><strong>fortuna</strong></span> <span class='ocrx_word' id='word_1_182' title='bbox 821 2522 927 2583; x_wconf 90' lang='lat' dir='ltr'><strong>videre</strong></span> 
     </span>
     <span class='ocr_line' id='line_1_29' title="bbox 216 2600 878 2678; baseline 0.002 -17"><span class='ocrx_word' id='word_1_183' title='bbox 216 2600 256 2661; x_wconf 93' lang='lat' dir='ltr'><strong>Se</strong></span> <span class='ocrx_word' id='word_1_184' title='bbox 271 2602 381 2678; x_wconf 90' lang='lat' dir='ltr'><strong>probat</strong></span> <span class='ocrx_word' id='word_1_185' title='bbox 396 2611 426 2663; x_wconf 91' lang='grc'><strong>11</strong></span> <span class='ocrx_word' id='word_1_186' title='bbox 440 2620 552 2665; x_wconf 88' lang='lat' dir='ltr'><strong>caecae</strong></span> <span class='ocrx_word' id='word_1_187' title='bbox 567 2605 692 2667; x_wconf 90' lang='lat' dir='ltr'><strong>crimina</strong></span> <span class='ocrx_word' id='word_1_188' title='bbox 706 2607 785 2666; x_wconf 82' lang='lat' dir='ltr'><strong>falsa</strong></span> <span class='ocrx_word' id='word_1_189' title='bbox 797 2606 878 2667; x_wconf 85' lang='lat' dir='ltr'><strong>tulit:</strong></span> 
     </span>
     <span class='ocr_line' id='line_1_30' title="bbox 177 2685 874 2760; baseline 0.009 -15"><span class='ocrx_word' id='word_1_190' title='bbox 177 2685 242 2760; x_wconf 83' lang='lat' dir='ltr'><strong>Qua</strong></span> <span class='ocrx_word' id='word_1_191' title='bbox 258 2687 331 2747; x_wconf 84' lang='lat' dir='ltr'><strong>nihil</strong></span> <span class='ocrx_word' id='word_1_192' title='bbox 345 2688 375 2747; x_wconf 93' lang='lat' dir='ltr'><strong>in</strong></span> <span class='ocrx_word' id='word_1_193' title='bbox 394 2689 482 2749; x_wconf 88' lang='lat' dir='ltr'><strong>terris</strong></span> <span class='ocrx_word' id='word_1_194' title='bbox 497 2689 537 2749; x_wconf 88' lang='lat' dir='ltr'><strong>ad</strong></span> <span class='ocrx_word' id='word_1_195' title='bbox 552 2689 643 2749; x_wconf 87' lang='lat' dir='ltr'><strong>finem</strong></span> <span class='ocrx_word' id='word_1_196' title='bbox 659 2690 736 2750; x_wconf 93' lang='lat' dir='ltr'><strong>solis</strong></span> <span class='ocrx_word' id='word_1_197' title='bbox 751 2689 789 2749; x_wconf 89' lang='lat' dir='ltr'><strong>ab</strong></span> <span class='ocrx_word' id='word_1_198' title='bbox 807 2698 874 2751; x_wconf 86' lang='lat' dir='ltr'><strong>ortu</strong></span> 
     </span>
     <span class='ocr_line' id='line_1_31' title="bbox 219 2770 921 2848; baseline 0.003 -18"><span class='ocrx_word' id='word_1_199' title='bbox 219 2770 343 2846; x_wconf 85' lang='lat' dir='ltr'><strong>Clarius,</strong></span> <span class='ocrx_word' id='word_1_200' title='bbox 364 2779 494 2848; x_wconf 88' lang='lat' dir='ltr'><strong>excepto</strong></span> <span class='ocrx_word' id='word_1_201' title='bbox 511 2773 650 2848; x_wconf 84' lang='lat' dir='ltr'><strong>Caesare,</strong></span> <span class='ocrx_word' id='word_1_202' title='bbox 672 2774 805 2834; x_wconf 92' lang='lat' dir='ltr'><strong>mundus</strong></span> <span class='ocrx_word' id='word_1_203' title='bbox 819 2773 921 2835; x_wconf 89' lang='lat' dir='ltr'><strong>habet.</strong></span> 
     </span>
     <span class='ocr_line' id='line_1_32' title="bbox 174 2854 849 2934; baseline 0.006 -22"><span class='ocrx_word' id='word_1_204' title='bbox 174 2854 284 2930; x_wconf 84' lang='lat' dir='ltr'><strong>Eligito</strong></span> <span class='ocrx_word' id='word_1_205' title='bbox 298 2861 418 2932; x_wconf 88' lang='lat' dir='ltr'><strong>tempus</strong></span> <span class='ocrx_word' id='word_1_206' title='bbox 434 2864 584 2932; x_wconf 88' lang='lat' dir='ltr'><strong>captatum</strong></span> <span class='ocrx_word' id='word_1_207' title='bbox 601 2873 696 2933; x_wconf 90' lang='lat' dir='ltr'><strong>saepe</strong></span> <span class='ocrx_word' id='word_1_208' title='bbox 711 2858 849 2934; x_wconf 89' lang='lat' dir='ltr'><strong>rogandi,</strong></span> 
     </span>
     <span class='ocr_line' id='line_1_33' title="bbox 115 2937 790 3018; baseline 0.003 -22"><span class='ocrx_word' id='word_1_209' title='bbox 115 2943 164 2997; x_wconf 78' lang='lat' dir='ltr'><strong>tao</strong></span> <span class='ocrx_word' id='word_1_210' title='bbox 217 2937 315 2998; x_wconf 82' lang='lat' dir='ltr'><strong>Exeat</strong></span> <span class='ocrx_word' id='word_1_211' title='bbox 330 2941 462 3000; x_wconf 87' lang='lat' dir='ltr'><strong>adversa</strong></span> <span class='ocrx_word' id='word_1_212' title='bbox 477 2957 515 3000; x_wconf 91' lang='lat' dir='ltr'><strong>ne</strong></span> <span class='ocrx_word' id='word_1_213' title='bbox 529 2948 580 3001; x_wconf 88' lang='lat' dir='ltr'><strong>tua</strong></span> <span class='ocrx_word' id='word_1_214' title='bbox 595 2942 683 3002; x_wconf 88' lang='lat' dir='ltr'><strong>navis</strong></span> <span class='ocrx_word' id='word_1_215' title='bbox 699 2958 790 3018; x_wconf 90' lang='lat' dir='ltr'><strong>aqua.</strong></span> 
     </span>
     <span class='ocr_line' id='line_1_34' title="bbox 175 3021 905 3100; baseline 0.007 -21"><span class='ocrx_word' id='word_1_216' title='bbox 175 3021 241 3080; x_wconf 87' lang='lat' dir='ltr'><strong>Non</strong></span> <span class='ocrx_word' id='word_1_217' title='bbox 258 3039 380 3100; x_wconf 88' lang='lat' dir='ltr'><strong>semper</strong></span> <span class='ocrx_word' id='word_1_218' title='bbox 394 3041 500 3085; x_wconf 91' lang='lat' dir='ltr'><strong>sacras</strong></span> <span class='ocrx_word' id='word_1_219' title='bbox 517 3025 650 3087; x_wconf 90' lang='lat' dir='ltr'><strong>reddunt</strong></span> <span class='ocrx_word' id='word_1_220' title='bbox 665 3027 789 3086; x_wconf 90' lang='lat' dir='ltr'><strong>oracula</strong></span> <span class='ocrx_word' id='word_1_221' title='bbox 804 3025 905 3098; x_wconf 89' lang='lat' dir='ltr'><strong>sortis,</strong></span> 
     </span>
     <span class='ocr_line' id='line_1_35' title="bbox 216 3105 888 3187; baseline 0.006 -24"><span class='ocrx_word' id='word_1_222' title='bbox 216 3105 350 3183; x_wconf 91' lang='lat' dir='ltr'><strong>Ipsaque</strong></span> <span class='ocrx_word' id='word_1_223' title='bbox 364 3126 425 3170; x_wconf 93' lang='lat' dir='ltr'><strong>non</strong></span> <span class='ocrx_word' id='word_1_224' title='bbox 440 3110 521 3170; x_wconf 91' lang='lat' dir='ltr'><strong>omni</strong></span> <span class='ocrx_word' id='word_1_225' title='bbox 537 3117 675 3187; x_wconf 89' lang='lat' dir='ltr'><strong>tempore</strong></span> <span class='ocrx_word' id='word_1_226' title='bbox 690 3110 761 3170; x_wconf 87' lang='lat' dir='ltr'><strong>lana</strong></span> <span class='ocrx_word' id='word_1_227' title='bbox 777 3116 888 3185; x_wconf 87' lang='lat' dir='ltr'><strong>patent.</strong></span> 
     </span>
     <span class='ocr_line' id='line_1_36' title="bbox 177 3187 1033 3270; baseline 0.004 -23"><span class='ocrx_word' id='word_1_228' title='bbox 177 3187 251 3250; x_wconf 87' lang='lat' dir='ltr'><strong>Cum</strong></span> <span class='ocrx_word' id='word_1_229' title='bbox 267 3197 363 3252; x_wconf 88' lang='lat' dir='ltr'><strong>status</strong></span> <span class='ocrx_word' id='word_1_230' title='bbox 377 3194 469 3254; x_wconf 91' lang='lat' dir='ltr'><strong>Urbis</strong></span> <span class='ocrx_word' id='word_1_231' title='bbox 485 3194 549 3268; x_wconf 90' lang='lat' dir='ltr'><strong>erit,</strong></span> <span class='ocrx_word' id='word_1_232' title='bbox 571 3196 690 3270; x_wconf 88' lang='lat' dir='ltr'><strong>qualern</strong></span> <span class='ocrx_word' id='word_1_233' title='bbox 707 3209 788 3255; x_wconf 89' lang='lat' dir='ltr'><strong>nunc</strong></span> <span class='ocrx_word' id='word_1_234' title='bbox 805 3207 938 3268; x_wconf 87' lang='lat' dir='ltr'><strong>auguror</strong></span> <span class='ocrx_word' id='word_1_235' title='bbox 953 3205 1033 3261; x_wconf 86' lang='lat' dir='ltr'><strong>esse.</strong></span> 
     </span>
     <span class='ocr_line' id='line_1_37' title="bbox 216 3273 850 3353; baseline 0.002 -22"><span class='ocrx_word' id='word_1_236' title='bbox 216 3273 253 3332; x_wconf 82' lang='lat' dir='ltr'><strong>Et</strong></span> <span class='ocrx_word' id='word_1_237' title='bbox 267 3275 367 3336; x_wconf 88' lang='lat' dir='ltr'><strong>nullus</strong></span> <span class='ocrx_word' id='word_1_238' title='bbox 383 3276 490 3353; x_wconf 87' lang='lat' dir='ltr'><strong>populi</strong></span> <span class='ocrx_word' id='word_1_239' title='bbox 505 3278 663 3339; x_wconf 90' lang='lat' dir='ltr'><strong>contrahet</strong></span> <span class='ocrx_word' id='word_1_240' title='bbox 677 3293 732 3339; x_wconf 85' lang='lat' dir='ltr'><strong>ora</strong></span> <span class='ocrx_word' id='word_1_241' title='bbox 746 3276 850 3339; x_wconf 75' lang='lat' dir='ltr'><strong>dolor:</strong></span> 
     </span>
    </p>
   </div>
   <div class='ocr_carea' id='block_1_3' title="bbox 115 3355 955 3522">
    <p class='ocr_par' dir='ltr' id='par_1_3' title="bbox 115 3355 955 3522">
     <span class='ocr_line' id='line_1_38' title="bbox 115 3355 936 3439; baseline 0.004 -23"><span class='ocrx_word' id='word_1_242' title='bbox 115 3361 165 3416; x_wconf 80' lang='grc'><strong>115</strong></span> <span class='ocrx_word' id='word_1_243' title='bbox 177 3355 250 3417; x_wconf 82' lang='lat' dir='ltr'><strong>Cum</strong></span> <span class='ocrx_word' id='word_1_244' title='bbox 266 3356 375 3419; x_wconf 91' lang='lat' dir='ltr'><strong>domus</strong></span> <span class='ocrx_word' id='word_1_245' title='bbox 390 3361 530 3437; x_wconf 82' lang='lat' dir='ltr'><strong>Augusti,</strong></span> <span class='ocrx_word' id='word_1_246' title='bbox 554 3362 682 3439; x_wconf 86' lang='lat' dir='ltr'><strong>Capitoli</strong></span> <span class='ocrx_word' id='word_1_247' title='bbox 696 3378 781 3424; x_wconf 89' lang='lat' dir='ltr'><strong>more</strong></span> <span class='ocrx_word' id='word_1_248' title='bbox 796 3358 936 3434; x_wconf 86' lang='lat' dir='ltr'><strong>colenda,</strong></span> 
     </span>
     <span class='ocr_line' id='line_1_39' title="bbox 215 3441 955 3522; baseline 0.003 -23"><span class='ocrx_word' id='word_1_249' title='bbox 215 3441 316 3515; x_wconf 90' lang='lat' dir='ltr'><strong>Laeta,</strong></span> <span class='ocrx_word' id='word_1_250' title='bbox 342 3444 427 3520; x_wconf 89' lang='lat' dir='ltr'><strong>quod</strong></span> <span class='ocrx_word' id='word_1_251' title='bbox 442 3452 489 3506; x_wconf 92' lang='lat' dir='ltr'><strong>est</strong></span> <span class='ocrx_word' id='word_1_252' title='bbox 504 3454 533 3506; x_wconf 88' lang='lat' dir='ltr'><strong>et</strong></span> <span class='ocrx_word' id='word_1_253' title='bbox 548 3447 595 3521; x_wconf 91' lang='lat' dir='ltr'><strong>sit,</strong></span> <span class='ocrx_word' id='word_1_254' title='bbox 616 3447 769 3522; x_wconf 90' lang='lat' dir='ltr'><strong>plenaque</strong></span> <span class='ocrx_word' id='word_1_255' title='bbox 783 3444 870 3521; x_wconf 88' lang='lat' dir='ltr'><strong>pacis</strong></span> <span class='ocrx_word' id='word_1_256' title='bbox 884 3442 955 3504; x_wconf 77' lang='lat' dir='ltr'><strong>crta</strong></span> 
     </span>
    </p>
   </div>
   <div class='ocr_carea' id='block_1_4' title="bbox 0 0 1164 3960">
    <p class='ocr_par' dir='ltr' id='par_1_4' title="bbox 0 0 1164 3960">
     <span class='ocr_line' id='line_1_40' title="bbox 0 0 1164 3960; baseline 0 1"><span class='ocrx_word' id='word_1_257' title='bbox 0 0 1164 3960; x_wconf 95' lang='lat' dir='ltr'><strong> </strong></span> 
     </span>
    </p>
   </div>
  </div>
 </body>
</html>
