2318 3960
140 245 203 312 276
518 241 771 304 insrotttttt

224 397 371 458 Carminis
386 394 514 455 Euboici
529 393 632 454 fatalia
645 392 739 453 verba
759 396 907 457 sacerdos

265 480 401 556 Inspicit.
431 479 603 554 inspectum
616 478 676 537 tale
692 477 789 539 tuisse
804 479 919 541 ierunt:

224 564 347 625 “Mater
361 562 462 624 abest:
487 560 615 621 Matrem
630 561 734 636 iubeo,
752 563 906 642 Romane,
919 562 1072 640 requiras.

161 658 211 714 too
268 648 343 709 Cum
356 647 471 720 veniet,
487 652 573 705 casta
586 650 635 704 est
649 646 829 720 accipienda
842 651 971 709 manu.”

226 730 383 793 Obscurae
397 730 489 790 sortis
505 736 609 804 patres
623 727 804 802 ambagibus
817 739 929 803 errant,
980 735 985 742 '

263 816 386 889 Quaeve
400 828 512 889 parens
528 812 621 882 absit,
639 828 741 887 quove
756 813 889 887 petenda
903 815 983 874 loco.

224 898 397 958 Consulitur
409 896 526 969 Paean,
543 896 767 973 “Divum”que
781 898 956 959 “arcessite
971 897 1127 959 Manem„

262 982 372 1055 lnquit.
403 979 460 1039 “in
475 980 569 1040 idaeo
585 986 633 1039 est
647 979 833 1040 invenienda
846 981 958 1057 iugo.”

159 1071 209 1124 ‘265
225 1064 382 1126 Mittuntur
395 1075 552 1139 proceres.
579 1063 733 1140 Phrygiae
747 1070 818 1122 tunc
835 1072 957 1141 sceptra
970 1065 1096 1126 tenebat

260 1149 396 1209 Attalus:
418 1146 568 1208 Ausoniis
582 1161 647 1207 rem
662 1153 753 1221 negat
767 1146 818 1207 illo
832 1148 917 1209 viris.

221 1231 299 1290 Mira
314 1246 431 1292 canam.
461 1232 553 1306 longo
569 1229 691 1290 tremuit
705 1244 773 1290 cum
787 1247 941 1296 murmure
955 1233 1056 1309 tellus,

262 1315 300 1375 Et
314 1315 359 1375 sic
374 1321 422 1374 est
436 1313 538 1393 adytis
554 1314 626 1374 diva
641 1314 743 1373 locuta
757 1314 840 1374 suis=

100 1455 101 1458 ,
224 1397 323 1472 “Ipsa
337 1397 399 1474 peti
413 1398 508 1458 volui.
536 1412 575 1457 na
589 1397 629 1457 sit
642 1413 738 1458 mora.
766 1398 849 1458 mitte
864 1401 1027 1460 volentem.

158 1482 210 1538 tto
264 1480 380 1557 Dignus
394 1483 493 1542 Roma
509 1481 610 1554 locus,
627 1497 689 1556 quo
704 1481 782 1542 deus
802 1483 901 1543 omnis
915 1488 1001 1543 eat.”

221 1564 275 1623 llle
290 1564 358 1625 soni
373 1569 489 1626 terrore
502 1580 621 1640 pavens
637 1564 904 1642 “Proficisceross’
919 1566 996 1627 dixit

262 1649 398 1708 “Nostra
412 1647 482 1708 eris.
511 1649 542 1706 in
555 1647 706 1724 Phrygios
720 1650 819 1710 Roma
833 1651 963 1710 refertur
976 1657 1092 1713 avos.”

221 1730 361 1792 Protinus
376 1733 553 1792 innumerae
568 1732 700 1791 caedunt
714 1732 817 1806 pineta
831 1748 958 1794 secures

261 1815 330 1886 llla,
347 1814 458 1889 quibus
475 1815 594 1890 lugiens
608 1814 712 1891 Phryx
728 1815 797 1891 pius
811 1832 887 1876 usus
902 1825 976 1877 erat.

158 1905 209 1960 Plo
222 1897 305 1957 Mille
319 1914 428 1958 manus
444 1905 569 1973 coeunt,
586 1906 616 1958 et
630 1897 713 1973 picta
732 1899 887 1961 coloribus
902 1901 980 1960 ustis

262 1981 433 2043 Caelestum
446 1981 573 2041 blatrem
588 1996 725 2041 concava
740 1982 854 2057 puppis
872 1983 974 2045 lnabet.

221 2065 276 2124 llla
290 2064 337 2124 sui
353 2081 409 2140 per
421 2081 519 2139 aquas
535 2066 630 2125 ierim
643 2065 796 2125 tutissima
809 2068 881 2140 nati,

262 2148 430 2223 Longaque
442 2147 592 2208 Phrixeae
606 2153 716 2224 stagna
730 2149 847 2210 sororis
863 2149 943 2210 adite

223 2231 458 2306 Rhoeteumque
471 2246 584 2306 rapax,
601 2230 756 2306 Sigeaque
770 2233 859 2293 litora
872 2233 989 2309 transit,

158 2328 210 2382 aso
262 2314 300 2373 tlt
312 2313 473 2387 Tenedon,
489 2320 609 2375 veteres
622 2314 760 2376 Eetionis
774 2331 864 2392 opes.
911 2341 913 2344 >

224 2396 375 2472 Cyclades
391 2396 561 2471 excipiunt,
581 2396 682 2457 Lesbo
698 2406 771 2474 post
784 2405 871 2474 terga
884 2400 999 2475 relicta,

262 2479 389 2555 Quaque
405 2480 560 2558 Carysteis
576 2481 724 2556 frangitur
737 2482 821 2543 unda
836 2483 933 2544 vadis.

221 2563 342 2623 Transit
355 2570 387 2623 et
399 2565 542 2635 Icarium,
563 2564 670 2639 lapsas
685 2564 737 2624 ubi
752 2566 887 2640 perdidit
900 2568 966 2627 alas

264 2648 383 2722 icarus,
399 2655 430 2709 et
444 2654 550 2707 vastae
565 2648 688 2709 nomina
703 2648 774 2709 lecit
789 2664 898 2724 aquae.

156 2738 206 2793 285
219 2733 295 2791 Tum
309 2731 398 2790 laeva
412 2733 534 2803 Creten,
551 2731 659 2791 dextra
672 2731 855 2808 Pelopeidas
869 2735 968 2794 undas
1079 2766 1083 2770 ‡

262 2814 397 2890 Deserit,
413 2821 443 2875 et
458 2815 587 2875 Veneris
603 2831 693 2875 sacra
708 2815 842 2893 Cythera
861 2817 945 2893 petit.

220 2898 297 2957 Hinc
312 2913 395 2958 mare
408 2897 608 2973 ihitnacrium,
625 2898 761 2959 candens
773 2898 825 2960 ubi
839 2899 978 2976 tinguere
994 2902 1106 2964 ierrtua

261 2981 391 3042 Brontes
407 2993 437 3042 et
452 2981 598 3056 Steropes
611 2981 865 3058 Acmonidesque
883 2986 1000 3045 solenti

220 3068 428 3140 Aequoraque
441 3065 518 3125 hira
531 3065 617 3139 legit,
633 3063 815 3142 Sardoaque
829 3082 925 3142 regna
939 3065 1072 3128 sinistris

157 3163 208 3217 atto
264 3148 402 3223 Respicit
416 3164 435 3208 a
448 3144 554 3222 remis,
569 3148 803 3224 Ausoniamque
818 3157 909 3211 tenet.

222 3229 307 3290 Ostia
321 3232 504 3307 contigerat,
522 3246 582 3306 qua
597 3247 632 3292 se
645 3230 804 3293 Tiberinus
819 3235 850 3293 in
864 3234 958 3297 altum

261 3313 376 3375 Dividit
391 3321 421 3375 et
435 3330 545 3390 campo
561 3312 705 3375 liberiore
720 3322 812 3377 natat.

221 3398 324 3458 Omnis
340 3413 437 3473 eques
452 3397 608 3473 mixtaque
622 3399 725 3474 gravis
741 3414 810 3459 curn
825 3400 916 3475 plebe
934 3411 1061 3463 senatus

262 3478 376 3542 Obvius
391 3483 432 3542 ad
445 3481 535 3543 Tusci
550 3481 683 3543 fluminis
699 3498 754 3543 ora
767 3483 863 3544 venit.
