2318 3960
96 206 137 269 46
486 203 710 264 TRISTIUM

173 357 239 426 Nec
252 359 354 428 breve,
370 370 427 414 nec
444 363 547 428 tutum,
562 370 622 428 quo
637 357 697 415 sint
711 371 787 426 mee,
803 354 916 428 dicere,
932 369 1012 418 castr

216 441 343 500 Lumina
357 440 469 498 funesti
484 437 609 498 conscia
623 439 703 498 iacta
717 439 802 498 malie
917 447 921 453 ·

176 524 326 597 Mensque
340 522 526 595 reformidat,
543 521 634 579 veluti
649 538 707 581 sua
720 523 855 595 vulnera,
870 526 997 597 tempus

128 619 163 672 ao
218 607 302 679 illud,
318 614 348 664 et
362 605 517 665 admonitu
532 605 566 664 nt
581 620 679 664 novus
696 605 764 681 ipse
781 605 884 665 dolor:

179 691 216 748 Et
231 704 443 764 quaecumque
457 689 535 749 adeo
551 697 683 763 possunt
696 688 806 748 afferre
820 689 985 764 pudorem,

220 775 275 833 illa
288 774 348 846 tegi
364 787 456 832 caeca
469 772 592 832 condita
606 779 696 832 nocte
711 773 808 831 decet.

179 858 225 916 Nil
240 857 328 930 igitur
342 858 480 928 referam,
497 855 556 914 nisi
571 870 619 913 me
633 871 792 929 peccasse,
809 856 933 917 sedilia

219 940 356 999 Praemia
371 946 498 1014 peceato
514 940 596 998 nulia
611 940 705 1012 petita
720 939 801 1011 mihi,

129 1030 162 1082 35
178 1023 399 1098 Stultitiamque
415 1038 516 1082 meum
532 1024 644 1081 crimen
661 1023 773 1082 debere
790 1023 902 1096 vocari,

217 1107 345 1167 Nomina
360 1107 387 1165 si
402 1107 481 1166 sacto
497 1105 628 1165 reddere
642 1120 716 1165 vera
730 1106 817 1166 velis.

178 1191 260 1264 Quae
275 1192 300 1250 si
315 1205 376 1250 non
392 1190 433 1250 ita
447 1199 526 1262 sunt,
542 1190 641 1262 alium,
665 1207 726 1263 quo
742 1189 863 1263 longius
878 1189 990 1264 absim,

216 1273 341 1348 Quaere,
357 1273 534 1334 suburbana
548 1279 595 1333 est
608 1271 658 1330 hic
672 1272 744 1331 mihi
759 1279 840 1332 terra
853 1274 952 1333 locus.

117 1406 156 1497 7ο
175 1404 268 1501 vade
280 1445 451 1515 salutatum,
467 1444 569 1504 subito
586 1450 734 1517 perarata,
749 1442 897 1515 Perillam,

210 1526 330 1598 Littera,
347 1528 497 1586 sermonis
512 1528 575 1587 fida
589 1526 726 1586 ministra
739 1527 815 1585 mei!

173 1611 234 1668 Aut
248 1609 329 1668 iliam
344 1610 481 1668 invenies
497 1611 577 1670 dulei
593 1627 662 1669 cum
677 1618 772 1670 matre
787 1610 956 1682 sedentem,

219 1695 280 1751 Aut
293 1692 370 1752 inter
385 1694 479 1754 libros
494 1693 693 1766 Pieridasque
708 1709 791 1753 suas.

143 1785 159 1835 5
175 1775 325 1849 Quicquid
340 1783 419 1850 aget,
434 1793 503 1837 oum
517 1784 547 1837 te
562 1777 666 1836 scierit
679 1777 812 1849 venisse,
828 1775 991 1850 relinquet,

220 1858 280 1917 Nee
297 1876 390 1931 mora,
408 1862 480 1934 quid
494 1861 600 1919 venias
615 1861 735 1934 quidve,
751 1859 894 1934 requiret,
909 1873 1010 1933 agam.

179 1941 291 2001 Vivere
305 1959 354 2002 mo
369 1945 462 2016 dices,
479 1945 535 2004 sed
550 1943 604 2014 sic,
622 1950 654 2002 ut
668 1943 772 2002 vivere
785 1941 887 2014 nolim,

218 2026 281 2084 Nee
295 2028 374 2086 maia
388 2034 448 2087 tam
462 2029 554 2102 ionga
568 2035 673 2087 nostra
686 2027 787 2085 levata
799 2041 900 2087 mora:

178 2108 215 2167 Et
228 2116 327 2168 tamen
344 2111 382 2168 ad
397 2106 512 2183 Musas,
529 2111 668 2184 quamvis
684 2124 827 2182 nocuere,
841 2108 965 2181 reverti,

129 2197 162 2247 10
213 2192 356 2266 Aptaque
373 2195 402 2251 in
418 2195 551 2253 alternos
567 2208 678 2266 eogere
694 2193 788 2252 verba
801 2192 910 2267 pedes.

173 2275 217 2333 Tu
233 2290 365 2349 quoque,
382 2277 439 2348 die,
456 2276 564 2335 studiis
580 2275 792 2336 communibus
808 2275 922 2350 ecquid
936 2276 1057 2339 inhaere

216 2359 375 2432 Doctaque
388 2374 449 2419 non
464 2359 563 2434 patrio
579 2361 714 2419 carmina
728 2375 813 2420 more
828 2358 938 2419 oanis?

174 2441 248 2499 Nam
263 2441 316 2500 tibi
328 2457 397 2501 cum
412 2443 481 2502 fatis
496 2459 598 2502 mores
614 2451 722 2503 natura
736 2442 868 2517 pudicos

214 2524 252 2582 Et
264 2540 350 2584 raras
366 2526 454 2585 dotes
472 2527 688 2602 ingeniumque
703 2526 795 2586 dedit.

128 2613 160 2664 15
175 2606 240 2666 Hoc
256 2623 312 2681 ego
329 2608 495 2682 Pegasidas
510 2610 624 2669 deduxi
638 2610 754 2684 primus
769 2610 810 2669 ad
824 2608 935 2684 undaS,

120 2718 161 2729 ——
215 2691 258 2750 Ne
273 2693 351 2750 maie
367 2693 517 2752 secundae
533 2708 611 2752 vena
625 2694 740 2767 periret
754 2708 862 2767 aquae.

121 2804 161 2818 m
173 2773 290 2834 Primus
306 2776 337 2833 id
352 2776 460 2849 aspexi
475 2776 586 2836 teneris
602 2777 632 2834 in
649 2776 774 2850 virginis
790 2775 889 2848 annis,

214 2858 314 2933 thue
329 2865 416 2932 pater
431 2866 520 2918 natae
536 2860 662 2934 duxque
678 2874 846 2934 comesque
861 2858 912 2919 iui.

173 2941 253 3014 Ergo
269 2941 295 3000 si
310 2952 467 3002 remanent
480 2945 568 3016 ignes
583 2942 636 3001 tibi
651 2943 786 3017 pectoris
801 2942 891 3012 idem,

126 3032 160 3082 ro
211 3023 284 3084 Sola
299 3031 381 3086 tuum
397 3034 483 3087 vates
497 3025 610 3085 Lesbia
624 3027 726 3085 vincet
740 3042 830 3100 opus.

174 3106 236 3166 Sed
252 3124 369 3182 vercor,
385 3126 424 3169 ne
440 3116 469 3169 te
484 3124 553 3169 mea
568 3126 649 3170 nunc
664 3111 786 3170 fortuna
799 3108 944 3184 retardet,

211 3191 348 3266 Postque
362 3209 449 3254 meos
465 3209 557 3253 casus
572 3193 612 3253 sit
626 3193 678 3253 tibi
696 3200 803 3268 pectus
819 3192 913 3252 iners.

173 3273 250 3333 Dum
264 3275 356 3350 licuit,
372 3285 424 3336 tua
438 3292 534 3352 saepe
548 3277 629 3350 mihi,
645 3276 698 3337 tibi
712 3284 820 3336 nostra
832 3275 991 3351 legebam

215 3354 317 3432 Saepe
331 3360 373 3419 tui
383 3361 490 3432 iudex,
507 3376 604 3435 saepe
617 3360 763 3434 magister
776 3375 876 3419 eram:

125 3448 158 3500 aa
173 3440 235 3500 Aut
248 3455 307 3514 ego
322 3443 506 3517 praebebam
523 3443 610 3504 tactis
625 3444 718 3504 modo
733 3442 876 3504 versibus
892 3459 998 3520 auno,
