2318 3960
379 216 430 291 iv,
450 214 485 288 e,
505 214 618 291 ori-4,
639 216 691 278 53.
995 220 1038 284 oo

146 367 185 428 Ei
199 369 238 427 de
253 368 404 426 communi
418 382 491 441 pars
507 381 629 442 quoque
644 377 750 429 nosira
763 369 846 431 bono
861 379 917 432 esi.

103 450 240 526 Iuppiter
255 450 385 524 ingeniis
400 449 527 525 praebet
539 465 598 511 sua
612 452 735 512 numina
749 459 859 526 vatum,

148 533 251 611 Seque
266 532 413 594 celebrari
429 534 566 608 quolibet
579 549 634 594 ore
647 535 728 596 sinii.

106 618 206 678 causa
219 625 272 679 iuo
286 617 428 692 exemplo
443 632 625 692 superorum
638 625 702 678 mia
717 619 846 679 duorum
860 625 916 694 esi,

60 712 96 764 ao
151 699 285 775 Quorum
297 700 348 760 hic
363 700 519 776 aspicitur,
542 700 676 762 creditur
689 701 741 761 iiie
756 702 843 763 deus.

108 785 148 844 Ui
163 800 224 844 non
239 783 404 858 debuerim,
428 791 529 844 tamen
543 784 603 845 hoc
618 800 676 860 ego
693 786 806 847 crimen
819 784 950 846 habebo.

149 869 215 929 Non
231 868 287 927 init
301 867 416 929 arbitrii
431 868 529 928 iibere
542 874 648 929 nostre
661 869 715 930 mi.

107 952 170 1011 Nec
184 967 273 1026 nova,
297 952 381 1027 quod
394 957 495 1012 tecum
509 952 634 1027 ioquor,
658 960 706 1013 esi
719 951 827 1014 iniuria
840 960 954 1029 nostra,

148 1034 312 1095 incolumis
327 1050 396 1095 cum
412 1051 474 1110 quo
489 1051 583 1110 saepe
598 1038 718 1097 locutus
733 1051 827 1095 eram.

62 1130 95 1180 25
108 1119 172 1191 Quo
188 1133 316 1178 vereare
330 1119 439 1194 minus,
462 1135 501 1180 ne
514 1120 572 1179 sim
584 1119 636 1180 ribi
651 1121 765 1180 crimen
779 1120 905 1194 amicus,

131 1201 304 1276 invidiam,
325 1203 416 1278 sique
429 1210 486 1276 esi,
509 1210 614 1263 auctor
628 1204 742 1264 habere
756 1209 867 1278 potest.

104 1284 180 1345 Nem
194 1292 263 1346 iuus
279 1293 328 1347 esi
341 1287 448 1362 primis
463 1287 563 1348 cultus
578 1287 650 1347 mihi
665 1302 788 1362 semper
801 1286 840 1346 ab
854 1287 972 1348 annis...

146 1369 213 1430 Hoc
228 1376 309 1431 certe
324 1371 387 1431 noii
402 1371 626 1434 dissimuiare...
640 1377 735 1446 peter,

105 1453 325 1529 ingeniumque
336 1470 467 1517 meum...
480 1459 569 1529 potes
580 1454 640 1514 hoc
651 1453 857 1517 meminisse...
868 1453 1018 1530 probabat

59 1549 95 1602 ao
148 1536 218 1598 Pius
234 1538 333 1612 eiiam,
356 1555 448 1614 quem
464 1553 513 1598 me
527 1537 628 1599 iudice
643 1538 754 1614 dignus
769 1552 862 1599 eram.

105 1621 212 1695 Deque
227 1621 304 1682 meis
318 1622 370 1683 iiio
384 1622 536 1682 referebat
550 1621 691 1684 versibus
706 1637 768 1696 ore,

145 1704 178 1762 ln
195 1722 257 1779 quo
273 1721 346 1779 pars
361 1706 440 1767 aliae
454 1704 618 1767 nobilitatis
631 1712 707 1765 erac

105 1787 170 1846 Non
187 1789 277 1862 igitur
289 1789 344 1848 cibi
359 1805 449 1863 nunc,
473 1789 556 1863 quod
570 1805 620 1849 me
634 1789 744 1851 domus
757 1787 817 1848 ism
830 1788 954 1865 recepit,

147 1869 209 1931 Sed
223 1872 309 1948 prius
324 1873 440 1935 auctori
454 1879 525 1935 suni
540 1872 611 1933 dria
624 1871 721 1932 verba
734 1881 796 1934 iuo.

58 1961 93 2014 35
105 1954 167 2013 Nec
180 1954 250 2015 daia
261 1961 339 2030 suni,
355 1955 427 2017 mihi
438 1955 538 2028 crede,
553 1962 664 2016 tameo.
685 1955 783 2015 sedin
799 1954 937 2015 omnibus
950 1955 1026 2015 ociis

145 2037 257 2098 Ultima
271 2039 298 2098 si
314 2039 430 2112 demas,
453 2039 516 2100 viia
530 2039 646 2101 tuenda
659 2054 727 2103 mea
741 2045 797 2098 esi.

104 2120 190 2181 Hanc
206 2138 339 2199 quoque,
362 2140 423 2198 qua
437 2123 523 2197 perii,
546 2122 666 2198 cuipam
680 2122 782 2183 scelus
796 2135 867 2182 esse
882 2118 1018 2196 negabis,

149 2202 181 2264 Si
195 2207 269 2265 ionii
285 2207 382 2267 series
397 2206 438 2266 sii
452 2206 505 2267 iibi
519 2213 593 2268 noia
607 2206 687 2266 maii.

105 2289 167 2348 Aut
180 2289 269 2349 timor
283 2285 336 2350 aui
349 2305 435 2350 error
448 2289 547 2365 nobis,
569 2290 654 2365 prius
669 2289 765 2350 obiuii
779 2302 872 2349 error.

61 2387 96 2435 40
147 2372 191 2430 A!
213 2373 280 2432 sine
294 2389 344 2432 me
358 2373 410 2432 iaci
424 2388 487 2432 non
502 2373 678 2434 meminisse
692 2373 761 2432 mei.

105 2455 189 2514 Neve
204 2457 396 2518 reiracmndo
412 2457 547 2517 nondum
562 2457 703 2518 coeuntia
716 2470 824 2531 rumpe

146 2539 291 2600 Vulnera.
323 2540 377 2600 vix
391 2539 450 2600 iiiis
465 2540 603 2615 proderit
617 2540 687 2616 ipsa
702 2540 800 2615 quies.

106 2622 187 2697 Ergo
202 2630 235 2683 ui
248 2623 314 2684 iure
328 2624 436 2684 damus
451 2638 585 2700 poenos,
608 2626 653 2684 sic
668 2623 763 2684 ebiuii
778 2637 866 2682 omne

148 2706 277 2767 Peccaio
293 2707 410 2768 facinus
425 2707 648 2782 consiliumque
663 2722 741 2769 meo.

61 2797 98 2848 45
110 2789 207 2864 idque
222 2791 300 2850 deus
316 2790 416 2850 sentit.
449 2805 505 2866 pro
522 2806 584 2866 quo
598 2806 655 2851 nec
669 2792 770 2853 iumen
786 2787 969 2862 ademptum,

147 2873 210 2932 Nec
224 2873 296 2935 mihi
312 2874 465 2935 deuectos
480 2874 621 2949 possideo
635 2875 711 2939 aiter
725 2887 813 2947 opes.

105 2955 245 3017 Forsitan
260 2957 339 3019 hanc
354 2957 463 3033 ipsam,
487 2957 569 3018 vivai
582 2958 684 3032 modo,
708 2957 792 3017 iiniei
806 2953 885 3028 oiim,

148 3039 298 3114 Tempore
313 3055 382 3103 cmn
395 3040 486 3103 suerii
500 3042 597 3102 ienior
611 3041 665 3114 ira,
688 3042 800 3114 fugam.

107 3123 193 3181 Nunc
208 3139 319 3196 precor
333 3123 404 3184 hinc
417 3124 478 3184 alio
493 3123 596 3184 iubeat
609 3124 780 3197 discedere,
804 3119 831 3180 si
846 3135 907 3180 non
958 3154 960 3161 ι

58 3218 95 3268 oc
150 3207 261 3266 Nostra
274 3206 448 3267 verecundo
463 3213 536 3269 vcia
550 3208 668 3282 pudore
681 3213 793 3267 carent.

105 3290 208 3349 iiiiiius
224 3290 347 3350 exilium
363 3291 517 3366 pauloque
531 3291 734 3365 propinquius
751 3296 832 3365 opio,

147 3372 264 3447 Quique
280 3374 318 3434 sii
332 3389 350 3433 a
363 3389 460 3435 saevo
475 3375 595 3448 longius
610 3373 708 3451 hosio,
730 3376 840 3439 iocum.

104 3454 261 3529 Tantaque
276 3457 305 3516 in
324 3457 463 3531 Augusto
480 3457 647 3534 clementia,
672 3458 698 3520 si
715 3459 784 3534 quis
800 3455 838 3516 ab
853 3456 904 3515 iiio

66 3554 150 3597 orm.
174 3539 223 3596 iii.
815 3548 832 3598 5
