<?xml version="1.0" encoding="UTF-8"?>
<!DOCTYPE html PUBLIC "-//W3C//DTD XHTML 1.0 Transitional//EN"
    "http://www.w3.org/TR/xhtml1/DTD/xhtml1-transitional.dtd">
<html xmlns="http://www.w3.org/1999/xhtml" xml:lang="en" lang="en">
 <head>
  <title>
</title>
<meta http-equiv="Content-Type" content="text/html;charset=utf-8" />
  <meta name='ocr-system' content='tesseract 3.04.00' />
  <meta name='ocr-capabilities' content='ocr_page ocr_carea ocr_par ocr_line ocrx_word'/>
</head>
<body>
  <div class='ocr_page' id='page_1' title='image "./povidiusnasoexr00merkgoog_0294.png"; bbox 0 0 2318 3960; ppageno 0'>
   <div class='ocr_carea' id='block_1_1' title="bbox 449 219 1083 300">
    <p class='ocr_par' dir='ltr' id='par_1_1' title="bbox 449 219 1083 300">
     <span class='ocr_line' id='line_1_1' title="bbox 449 219 1083 300; baseline -0.002 -16"><span class='ocrx_word' id='word_1_1' title='bbox 449 225 507 300; x_wconf 86' lang='lat' dir='ltr'>tv,</span> <span class='ocrx_word' id='word_1_2' title='bbox 524 221 701 288; x_wconf 76' lang='lat' dir='ltr'>tta-tet.</span> <span class='ocrx_word' id='word_1_3' title='bbox 1021 219 1083 285; x_wconf 76' lang='lat'>273</span> 
     </span>
    </p>
   </div>
   <div class='ocr_carea' id='block_1_2' title="bbox 41 374 1008 1785">
    <p class='ocr_par' dir='ltr' id='par_1_2' title="bbox 41 374 1008 1785">
     <span class='ocr_line' id='line_1_2' title="bbox 193 374 808 452; baseline -0.008 -14"><span class='ocrx_word' id='word_1_4' title='bbox 193 378 231 438; x_wconf 81' lang='lat' dir='ltr'>Et</span> <span class='ocrx_word' id='word_1_5' title='bbox 246 375 350 436; x_wconf 88' lang='lat' dir='ltr'>vitium</span> <span class='ocrx_word' id='word_1_6' title='bbox 366 376 439 438; x_wconf 90' lang='lat' dir='ltr'>nudi</span> <span class='ocrx_word' id='word_1_7' title='bbox 453 376 594 452; x_wconf 87' lang='lat' dir='ltr'>corporis</span> <span class='ocrx_word' id='word_1_8' title='bbox 610 392 700 438; x_wconf 91' lang='lat' dir='ltr'>omne</span> <span class='ocrx_word' id='word_1_9' title='bbox 717 374 808 436; x_wconf 85' lang='lat' dir='ltr'>videt.</span> 
     </span>
     <span class='ocr_line' id='line_1_3' title="bbox 151 456 918 536; baseline -0.007 -13"><span class='ocrx_word' id='word_1_10' title='bbox 151 462 192 523; x_wconf 90' lang='lat' dir='ltr'>Ut</span> <span class='ocrx_word' id='word_1_11' title='bbox 205 465 288 536; x_wconf 77' lang='lat' dir='ltr'>tegat</span> <span class='ocrx_word' id='word_1_12' title='bbox 301 457 376 533; x_wconf 91' lang='lat' dir='ltr'>hoc,</span> <span class='ocrx_word' id='word_1_13' title='bbox 393 459 532 535; x_wconf 80' lang='lat' dir='ltr'>celetque</span> <span class='ocrx_word' id='word_1_14' title='bbox 547 459 648 533; x_wconf 88' lang='lat' dir='ltr'>viros,</span> <span class='ocrx_word' id='word_1_15' title='bbox 663 458 797 519; x_wconf 85' lang='lat' dir='ltr'>Fortuna</span> <span class='ocrx_word' id='word_1_16' title='bbox 810 456 918 519; x_wconf 79' lang='lat' dir='ltr'>Virilis</span> 
     </span>
     <span class='ocr_line' id='line_1_4' title="bbox 87 540 875 618; baseline -0.014 -8"><span class='ocrx_word' id='word_1_17' title='bbox 87 558 140 610; x_wconf 82' lang='lat'>150</span> <span class='ocrx_word' id='word_1_18' title='bbox 192 543 344 616; x_wconf 73' lang='lat' dir='ltr'><strong>Praestat,</strong></span> <span class='ocrx_word' id='word_1_19' title='bbox 360 548 390 602; x_wconf 91' lang='lat' dir='ltr'>et</span> <span class='ocrx_word' id='word_1_20' title='bbox 403 542 463 603; x_wconf 91' lang='lat' dir='ltr'>hoc</span> <span class='ocrx_word' id='word_1_21' title='bbox 478 557 575 618; x_wconf 88' lang='lat' dir='ltr'>parvo</span> <span class='ocrx_word' id='word_1_22' title='bbox 590 549 656 602; x_wconf 86' lang='lat' dir='ltr'>ture</span> <span class='ocrx_word' id='word_1_23' title='bbox 669 547 777 618; x_wconf 84' lang='lat' dir='ltr'>rogata</span> <span class='ocrx_word' id='word_1_24' title='bbox 795 540 875 600; x_wconf 91' lang='lat' dir='ltr'>lacit.</span> 
     </span>
     <span class='ocr_line' id='line_1_5' title="bbox 152 625 880 703; baseline -0.005 -15"><span class='ocrx_word' id='word_1_25' title='bbox 152 629 215 689; x_wconf 88' lang='lat' dir='ltr'>Nec</span> <span class='ocrx_word' id='word_1_26' title='bbox 229 627 334 703; x_wconf 78' lang='lat' dir='ltr'>pigeat</span> <span class='ocrx_word' id='word_1_27' title='bbox 346 625 447 686; x_wconf 90' lang='lat' dir='ltr'>tritum</span> <span class='ocrx_word' id='word_1_28' title='bbox 461 627 551 686; x_wconf 91' lang='lat' dir='ltr'>niveo</span> <span class='ocrx_word' id='word_1_29' title='bbox 567 640 635 687; x_wconf 90' lang='lat' dir='ltr'>cum</span> <span class='ocrx_word' id='word_1_30' title='bbox 649 626 728 688; x_wconf 91' lang='lat' dir='ltr'>lacte</span> <span class='ocrx_word' id='word_1_31' title='bbox 742 639 880 702; x_wconf 89' lang='lat' dir='ltr'>papaver</span> 
     </span>
     <span class='ocr_line' id='line_1_6' title="bbox 41 708 878 785; baseline -0.01 -12"><span class='ocrx_word' id='word_1_32' title='bbox 41 776 43 780; x_wconf 68' lang='grc'><strong>,</strong></span> <span class='ocrx_word' id='word_1_33' title='bbox 195 711 323 772; x_wconf 82' lang='lat' dir='ltr'><strong>Sumere</strong></span> <span class='ocrx_word' id='word_1_34' title='bbox 337 714 367 769; x_wconf 90' lang='lat' dir='ltr'>et</span> <span class='ocrx_word' id='word_1_35' title='bbox 381 708 539 785; x_wconf 82' lang='lat' dir='ltr'>expressis</span> <span class='ocrx_word' id='word_1_36' title='bbox 554 709 645 769; x_wconf 90' lang='lat' dir='ltr'>mella</span> <span class='ocrx_word' id='word_1_37' title='bbox 660 710 774 785; x_wconf 89' lang='lat' dir='ltr'>liquata</span> <span class='ocrx_word' id='word_1_38' title='bbox 788 708 878 769; x_wconf 89' lang='lat' dir='ltr'>lavis.</span> 
     </span>
     <span class='ocr_line' id='line_1_7' title="bbox 41 787 951 873; baseline -0.01 -16"><span class='ocrx_word' id='word_1_39' title='bbox 41 832 43 873; x_wconf 81' lang='lat'><em>÷</em></span> <span class='ocrx_word' id='word_1_40' title='bbox 153 796 227 856; x_wconf 83' lang='lat' dir='ltr'>Cum</span> <span class='ocrx_word' id='word_1_41' title='bbox 242 792 372 869; x_wconf 91' lang='lat' dir='ltr'>primum</span> <span class='ocrx_word' id='word_1_42' title='bbox 387 792 500 870; x_wconf 89' lang='lat' dir='ltr'>cupido</span> <span class='ocrx_word' id='word_1_43' title='bbox 517 793 624 853; x_wconf 92' lang='lat' dir='ltr'>Venus</span> <span class='ocrx_word' id='word_1_44' title='bbox 639 799 671 853; x_wconf 97' lang='lat' dir='ltr'>et</span> <span class='ocrx_word' id='word_1_45' title='bbox 687 792 819 853; x_wconf 88' lang='lat' dir='ltr'>deducta</span> <span class='ocrx_word' id='word_1_46' title='bbox 833 787 951 863; x_wconf 89' lang='lat' dir='ltr'>marito,</span> 
     </span>
     <span class='ocr_line' id='line_1_8' title="bbox 41 874 839 952; baseline -0.006 -13"><span class='ocrx_word' id='word_1_47' title='bbox 41 920 43 925; x_wconf 83' lang='lat'><em>·</em></span> <span class='ocrx_word' id='word_1_48' title='bbox 194 878 262 938; x_wconf 88' lang='lat' dir='ltr'>Hoc</span> <span class='ocrx_word' id='word_1_49' title='bbox 275 874 359 937; x_wconf 83' lang='lat' dir='ltr'>bibit.</span> <span class='ocrx_word' id='word_1_50' title='bbox 389 876 495 950; x_wconf 83' lang='lat' dir='ltr'>exilio</span> <span class='ocrx_word' id='word_1_51' title='bbox 511 882 650 952; x_wconf 91' lang='lat' dir='ltr'>tempore</span> <span class='ocrx_word' id='word_1_52' title='bbox 665 881 760 952; x_wconf 86' lang='lat' dir='ltr'>nupta</span> <span class='ocrx_word' id='word_1_53' title='bbox 774 875 839 935; x_wconf 86' lang='lat' dir='ltr'>luit</span> 
     </span>
     <span class='ocr_line' id='line_1_9' title="bbox 41 957 866 1041; baseline -0.008 -17"><span class='ocrx_word' id='word_1_54' title='bbox 41 1015 44 1041; x_wconf 76' lang='grc'>,</span> <span class='ocrx_word' id='word_1_55' title='bbox 87 981 139 1034; x_wconf 80' lang='lat'>155</span> <span class='ocrx_word' id='word_1_56' title='bbox 155 959 354 1036; x_wconf 76' lang='lat' dir='ltr'>supplicibus</span> <span class='ocrx_word' id='word_1_57' title='bbox 369 958 473 1020; x_wconf 89' lang='lat' dir='ltr'>verbis</span> <span class='ocrx_word' id='word_1_58' title='bbox 489 959 570 1019; x_wconf 88' lang='lat' dir='ltr'>illam</span> <span class='ocrx_word' id='word_1_59' title='bbox 584 960 714 1034; x_wconf 87' lang='lat' dir='ltr'>placato.</span> <span class='ocrx_word' id='word_1_60' title='bbox 742 957 800 1018; x_wconf 87' lang='lat' dir='ltr'>sub</span> <span class='ocrx_word' id='word_1_61' title='bbox 815 958 866 1017; x_wconf 90' lang='lat' dir='ltr'>illa</span> 
     </span>
     <span class='ocr_line' id='line_1_10' title="bbox 194 1041 863 1104; baseline -0.007 0"><span class='ocrx_word' id='word_1_62' title='bbox 194 1045 234 1104; x_wconf 86' lang='lat' dir='ltr'>Et</span> <span class='ocrx_word' id='word_1_63' title='bbox 246 1044 344 1103; x_wconf 88' lang='lat' dir='ltr'>lorma</span> <span class='ocrx_word' id='word_1_64' title='bbox 359 1049 389 1103; x_wconf 92' lang='lat' dir='ltr'>et</span> <span class='ocrx_word' id='word_1_65' title='bbox 402 1057 505 1103; x_wconf 91' lang='lat' dir='ltr'>mores</span> <span class='ocrx_word' id='word_1_66' title='bbox 520 1050 550 1102; x_wconf 90' lang='lat' dir='ltr'>et</span> <span class='ocrx_word' id='word_1_67' title='bbox 563 1041 645 1102; x_wconf 91' lang='lat' dir='ltr'>bona</span> <span class='ocrx_word' id='word_1_68' title='bbox 659 1042 740 1102; x_wconf 89' lang='lat' dir='ltr'>lama</span> <span class='ocrx_word' id='word_1_69' title='bbox 753 1047 863 1101; x_wconf 88' lang='lat' dir='ltr'>manet.</span> 
     </span>
     <span class='ocr_line' id='line_1_11' title="bbox 151 1125 945 1201; baseline -0.014 -13"><span class='ocrx_word' id='word_1_70' title='bbox 151 1130 250 1188; x_wconf 87' lang='lat' dir='ltr'>Romo</span> <span class='ocrx_word' id='word_1_71' title='bbox 264 1125 410 1201; x_wconf 84' lang='lat' dir='ltr'>pudicitia</span> <span class='ocrx_word' id='word_1_72' title='bbox 424 1141 612 1201; x_wconf 90' lang='lat' dir='ltr'>proavorum</span> <span class='ocrx_word' id='word_1_73' title='bbox 624 1132 762 1200; x_wconf 89' lang='lat' dir='ltr'>tempore</span> <span class='ocrx_word' id='word_1_74' title='bbox 780 1125 869 1199; x_wconf 90' lang='lat' dir='ltr'>lapsa</span> <span class='ocrx_word' id='word_1_75' title='bbox 883 1128 945 1182; x_wconf 75' lang='lat' dir='ltr'>est:</span> 
     </span>
     <span class='ocr_line' id='line_1_12' title="bbox 193 1207 854 1288; baseline -0.009 -18"><span class='ocrx_word' id='word_1_76' title='bbox 193 1209 373 1288; x_wconf 80' lang='lat' dir='ltr'>Cymaeam,</span> <span class='ocrx_word' id='word_1_77' title='bbox 389 1215 525 1283; x_wconf 90' lang='lat' dir='ltr'>veteres,</span> <span class='ocrx_word' id='word_1_78' title='bbox 541 1207 738 1270; x_wconf 90' lang='lat' dir='ltr'>consuluistis</span> <span class='ocrx_word' id='word_1_79' title='bbox 754 1222 854 1268; x_wconf 90' lang='lat' dir='ltr'>anum.</span> 
     </span>
     <span class='ocr_line' id='line_1_13' title="bbox 151 1289 958 1370; baseline -0.007 -17"><span class='ocrx_word' id='word_1_80' title='bbox 151 1293 279 1370; x_wconf 87' lang='lat' dir='ltr'>Templa</span> <span class='ocrx_word' id='word_1_81' title='bbox 291 1291 373 1352; x_wconf 91' lang='lat' dir='ltr'>iubet</span> <span class='ocrx_word' id='word_1_82' title='bbox 387 1293 453 1352; x_wconf 88' lang='lat' dir='ltr'>fleri</span> <span class='ocrx_word' id='word_1_83' title='bbox 467 1291 590 1351; x_wconf 91' lang='lat' dir='ltr'>Veneri.</span> <span class='ocrx_word' id='word_1_84' title='bbox 620 1290 730 1366; x_wconf 91' lang='lat' dir='ltr'>quibus</span> <span class='ocrx_word' id='word_1_85' title='bbox 749 1291 856 1350; x_wconf 83' lang='lat' dir='ltr'>ordine</span> <span class='ocrx_word' id='word_1_86' title='bbox 870 1289 958 1348; x_wconf 86' lang='lat' dir='ltr'>lactis</span> 
     </span>
     <span class='ocr_line' id='line_1_14' title="bbox 88 1374 855 1447; baseline -0.007 -10"><span class='ocrx_word' id='word_1_87' title='bbox 88 1392 140 1447; x_wconf 82' lang='lat'>160</span> <span class='ocrx_word' id='word_1_88' title='bbox 195 1376 391 1437; x_wconf 84' lang='lat' dir='ltr'>indevenus</span> <span class='ocrx_word' id='word_1_89' title='bbox 406 1390 498 1436; x_wconf 88' lang='lat' dir='ltr'>verso</span> <span class='ocrx_word' id='word_1_90' title='bbox 514 1374 638 1436; x_wconf 91' lang='lat' dir='ltr'>nomina</span> <span class='ocrx_word' id='word_1_91' title='bbox 653 1374 748 1435; x_wconf 88' lang='lat' dir='ltr'>corde</span> <span class='ocrx_word' id='word_1_92' title='bbox 763 1379 855 1445; x_wconf 81' lang='lat' dir='ltr'>tenet¹</span> 
     </span>
     <span class='ocr_line' id='line_1_15' title="bbox 154 1456 1008 1535; baseline -0.007 -13"><span class='ocrx_word' id='word_1_93' title='bbox 154 1461 285 1535; x_wconf 84' lang='lat' dir='ltr'>Semper</span> <span class='ocrx_word' id='word_1_94' title='bbox 298 1459 338 1519; x_wconf 85' lang='lat' dir='ltr'>ad</span> <span class='ocrx_word' id='word_1_95' title='bbox 351 1459 517 1520; x_wconf 88' lang='lat' dir='ltr'>Aeneadas</span> <span class='ocrx_word' id='word_1_96' title='bbox 534 1457 673 1534; x_wconf 90' lang='lat' dir='ltr'>placido,</span> <span class='ocrx_word' id='word_1_97' title='bbox 688 1456 906 1534; x_wconf 87' lang='lat' dir='ltr'>pulcherrima,</span> <span class='ocrx_word' id='word_1_98' title='bbox 924 1457 1008 1516; x_wconf 86' lang='lat' dir='ltr'>voltu</span> 
     </span>
     <span class='ocr_line' id='line_1_16' title="bbox 192 1541 885 1618; baseline -0.007 -14"><span class='ocrx_word' id='word_1_99' title='bbox 192 1542 340 1618; x_wconf 82' lang='lat' dir='ltr'>Respice,</span> <span class='ocrx_word' id='word_1_100' title='bbox 355 1548 462 1617; x_wconf 91' lang='lat' dir='ltr'>totque</span> <span class='ocrx_word' id='word_1_101' title='bbox 477 1548 560 1615; x_wconf 84' lang='lat' dir='ltr'>tuas,</span> <span class='ocrx_word' id='word_1_102' title='bbox 577 1541 663 1616; x_wconf 87' lang='lat' dir='ltr'>diva,</span> <span class='ocrx_word' id='word_1_103' title='bbox 677 1547 763 1602; x_wconf 90' lang='lat' dir='ltr'>tuere</span> <span class='ocrx_word' id='word_1_104' title='bbox 777 1555 885 1600; x_wconf 88' lang='lat' dir='ltr'>nurus.</span> 
     </span>
     <span class='ocr_line' id='line_1_17' title="bbox 151 1622 970 1700; baseline -0.002 -13"><span class='ocrx_word' id='word_1_105' title='bbox 151 1629 231 1691; x_wconf 85' lang='lat' dir='ltr'>Dum</span> <span class='ocrx_word' id='word_1_106' title='bbox 245 1626 370 1700; x_wconf 92' lang='lat' dir='ltr'>loquor,</span> <span class='ocrx_word' id='word_1_107' title='bbox 386 1626 485 1686; x_wconf 88' lang='lat' dir='ltr'>elatae</span> <span class='ocrx_word' id='word_1_108' title='bbox 499 1625 681 1686; x_wconf 90' lang='lat' dir='ltr'>metuendus</span> <span class='ocrx_word' id='word_1_109' title='bbox 698 1622 970 1685; x_wconf 89' lang='lat' dir='ltr'>acumineoaudae</span> 
     </span>
     <span class='ocr_line' id='line_1_18' title="bbox 195 1707 874 1785; baseline -0.007 -15"><span class='ocrx_word' id='word_1_110' title='bbox 195 1709 345 1785; x_wconf 87' lang='lat' dir='ltr'>Scorpios</span> <span class='ocrx_word' id='word_1_111' title='bbox 365 1709 396 1768; x_wconf 93' lang='lat' dir='ltr'>in</span> <span class='ocrx_word' id='word_1_112' title='bbox 411 1707 519 1768; x_wconf 86' lang='lat' dir='ltr'>viridis</span> <span class='ocrx_word' id='word_1_113' title='bbox 534 1707 752 1784; x_wconf 88' lang='lat' dir='ltr'>praecipitatur</span> <span class='ocrx_word' id='word_1_114' title='bbox 767 1723 874 1783; x_wconf 86' lang='lat' dir='ltr'>aquas.</span> 
     </span>
    </p>
   </div>
   <div class='ocr_carea' id='block_1_3' title="bbox 506 1840 649 1919">
    <p class='ocr_par' dir='ltr' id='par_1_3' title="bbox 506 1840 649 1919">
     <span class='ocr_line' id='line_1_19' title="bbox 506 1840 649 1919; baseline -0.014 -17"><span class='ocrx_word' id='word_1_115' title='bbox 506 1840 536 1902; x_wconf 79' lang='lat' dir='ltr'>a.</span> <span class='ocrx_word' id='word_1_116' title='bbox 565 1841 649 1919; x_wconf 71' lang='lat' dir='ltr'>orn]</span> 
     </span>
    </p>
   </div>
   <div class='ocr_carea' id='block_1_4' title="bbox 89 1956 1034 3116">
    <p class='ocr_par' dir='ltr' id='par_1_4' title="bbox 89 1956 1034 3116">
     <span class='ocr_line' id='line_1_20' title="bbox 89 1956 960 2033; baseline -0.014 -2"><span class='ocrx_word' id='word_1_117' title='bbox 89 1975 140 2030; x_wconf 82' lang='lat'>165</span> <span class='ocrx_word' id='word_1_118' title='bbox 154 1963 224 2022; x_wconf 86' lang='lat' dir='ltr'>llox</span> <span class='ocrx_word' id='word_1_119' title='bbox 238 1959 291 2021; x_wconf 91' lang='lat' dir='ltr'>ubi</span> <span class='ocrx_word' id='word_1_120' title='bbox 304 1958 472 2032; x_wconf 87' lang='lat' dir='ltr'>transierit,</span> <span class='ocrx_word' id='word_1_121' title='bbox 489 1958 668 2032; x_wconf 86' lang='lat' dir='ltr'>caelumque</span> <span class='ocrx_word' id='word_1_122' title='bbox 681 1956 846 2017; x_wconf 83' lang='lat' dir='ltr'>rubescere</span> <span class='ocrx_word' id='word_1_123' title='bbox 861 1956 960 2033; x_wconf 90' lang='lat' dir='ltr'>primo</span> 
     </span>
     <span class='ocr_line' id='line_1_21' title="bbox 195 2043 872 2119; baseline -0.006 -15"><span class='ocrx_word' id='word_1_124' title='bbox 195 2043 350 2119; x_wconf 80' lang='lat' dir='ltr'>Coeperit,</span> <span class='ocrx_word' id='word_1_125' title='bbox 368 2048 398 2102; x_wconf 90' lang='lat' dir='ltr'>et</span> <span class='ocrx_word' id='word_1_126' title='bbox 411 2049 510 2101; x_wconf 89' lang='lat' dir='ltr'>tactae</span> <span class='ocrx_word' id='word_1_127' title='bbox 523 2056 593 2101; x_wconf 91' lang='lat' dir='ltr'>rore</span> <span class='ocrx_word' id='word_1_128' title='bbox 608 2046 773 2116; x_wconf 79' lang='lat' dir='ltr'>querentur</span> <span class='ocrx_word' id='word_1_129' title='bbox 787 2056 872 2115; x_wconf 91' lang='lat' dir='ltr'>aves,</span> 
     </span>
     <span class='ocr_line' id='line_1_22' title="bbox 154 2123 868 2202; baseline -0.011 -13"><span class='ocrx_word' id='word_1_130' title='bbox 154 2127 400 2202; x_wconf 79' lang='lat' dir='ltr'>semiustamque</span> <span class='ocrx_word' id='word_1_131' title='bbox 415 2126 512 2185; x_wconf 90' lang='lat' dir='ltr'>lacem</span> <span class='ocrx_word' id='word_1_132' title='bbox 527 2123 651 2200; x_wconf 82' lang='lat' dir='ltr'>vigilata</span> <span class='ocrx_word' id='word_1_133' title='bbox 665 2130 756 2184; x_wconf 89' lang='lat' dir='ltr'>nocte</span> <span class='ocrx_word' id='word_1_134' title='bbox 769 2124 868 2184; x_wconf 88' lang='lat' dir='ltr'>viator</span> 
     </span>
     <span class='ocr_line' id='line_1_23' title="bbox 194 2206 880 2286; baseline -0.012 -16"><span class='ocrx_word' id='word_1_135' title='bbox 194 2211 304 2286; x_wconf 86' lang='lat' dir='ltr'>Ponet,</span> <span class='ocrx_word' id='word_1_136' title='bbox 323 2217 353 2270; x_wconf 92' lang='lat' dir='ltr'>et</span> <span class='ocrx_word' id='word_1_137' title='bbox 368 2209 408 2268; x_wconf 91' lang='lat' dir='ltr'>ad</span> <span class='ocrx_word' id='word_1_138' title='bbox 428 2208 552 2270; x_wconf 91' lang='lat' dir='ltr'>solitum</span> <span class='ocrx_word' id='word_1_139' title='bbox 567 2207 701 2269; x_wconf 88' lang='lat' dir='ltr'>rusticus</span> <span class='ocrx_word' id='word_1_140' title='bbox 716 2206 770 2266; x_wconf 87' lang='lat' dir='ltr'>ibit</span> <span class='ocrx_word' id='word_1_141' title='bbox 785 2222 880 2281; x_wconf 78' lang='lat' dir='ltr'>opus:</span> 
     </span>
     <span class='ocr_line' id='line_1_24' title="bbox 154 2291 934 2368; baseline -0.005 -13"><span class='ocrx_word' id='word_1_142' title='bbox 154 2295 295 2355; x_wconf 83' lang='lat' dir='ltr'>Pleiades</span> <span class='ocrx_word' id='word_1_143' title='bbox 309 2291 456 2368; x_wconf 86' lang='lat' dir='ltr'>incipient</span> <span class='ocrx_word' id='word_1_144' title='bbox 468 2291 612 2352; x_wconf 92' lang='lat' dir='ltr'>humeros</span> <span class='ocrx_word' id='word_1_145' title='bbox 626 2291 765 2351; x_wconf 90' lang='lat' dir='ltr'>relevare</span> <span class='ocrx_word' id='word_1_146' title='bbox 779 2294 934 2366; x_wconf 89' lang='lat' dir='ltr'>paternos,</span> 
     </span>
     <span class='ocr_line' id='line_1_25' title="bbox 91 2373 911 2451; baseline -0.01 -13"><span class='ocrx_word' id='word_1_147' title='bbox 91 2385 143 2441; x_wconf 82' lang='grc'>110</span> <span class='ocrx_word' id='word_1_148' title='bbox 198 2377 282 2451; x_wconf 80' lang='lat' dir='ltr'>Quae</span> <span class='ocrx_word' id='word_1_149' title='bbox 296 2383 414 2451; x_wconf 88' lang='lat' dir='ltr'>septem</span> <span class='ocrx_word' id='word_1_150' title='bbox 430 2373 505 2450; x_wconf 90' lang='lat' dir='ltr'>dici,</span> <span class='ocrx_word' id='word_1_151' title='bbox 521 2389 577 2435; x_wconf 86' lang='lat' dir='ltr'>sex</span> <span class='ocrx_word' id='word_1_152' title='bbox 591 2381 692 2435; x_wconf 89' lang='lat' dir='ltr'>tamen</span> <span class='ocrx_word' id='word_1_153' title='bbox 711 2389 782 2434; x_wconf 90' lang='lat' dir='ltr'>esse</span> <span class='ocrx_word' id='word_1_154' title='bbox 796 2373 911 2435; x_wconf 71' lang='lat' dir='ltr'>solent:</span> 
     </span>
     <span class='ocr_line' id='line_1_26' title="bbox 157 2457 1034 2536; baseline -0.01 -15"><span class='ocrx_word' id='word_1_155' title='bbox 157 2461 218 2522; x_wconf 89' lang='lat' dir='ltr'>Seu</span> <span class='ocrx_word' id='word_1_156' title='bbox 234 2460 319 2536; x_wconf 92' lang='lat' dir='ltr'>quod</span> <span class='ocrx_word' id='word_1_157' title='bbox 333 2460 363 2519; x_wconf 93' lang='lat' dir='ltr'>in</span> <span class='ocrx_word' id='word_1_158' title='bbox 384 2460 559 2533; x_wconf 85' lang='lat' dir='ltr'>amplexum</span> <span class='ocrx_word' id='word_1_159' title='bbox 575 2474 632 2519; x_wconf 88' lang='lat' dir='ltr'>sex</span> <span class='ocrx_word' id='word_1_160' title='bbox 646 2457 717 2517; x_wconf 92' lang='lat' dir='ltr'>hinc</span> <span class='ocrx_word' id='word_1_161' title='bbox 731 2472 845 2517; x_wconf 90' lang='lat' dir='ltr'>venere</span> <span class='ocrx_word' id='word_1_162' title='bbox 860 2457 1034 2534; x_wconf 88' lang='lat' dir='ltr'>deorum,....</span> 
     </span>
     <span class='ocr_line' id='line_1_27' title="bbox 195 2540 881 2617; baseline -0.006 -14"><span class='ocrx_word' id='word_1_163' title='bbox 195 2544 271 2603; x_wconf 89' lang='lat' dir='ltr'>Nam</span> <span class='ocrx_word' id='word_1_164' title='bbox 286 2542 436 2617; x_wconf 77' lang='lat' dir='ltr'>steropen</span> <span class='ocrx_word' id='word_1_165' title='bbox 448 2540 536 2601; x_wconf 87' lang='lat' dir='ltr'>Marti</span> <span class='ocrx_word' id='word_1_166' title='bbox 552 2540 758 2603; x_wconf 82' lang='lat' dir='ltr'>concubuisse</span> <span class='ocrx_word' id='word_1_167' title='bbox 775 2542 881 2612; x_wconf 77' lang='lat' dir='ltr'>lerunt</span> 
     </span>
     <span class='ocr_line' id='line_1_28' title="bbox 155 2625 902 2703; baseline -0.009 -16"><span class='ocrx_word' id='word_1_168' title='bbox 155 2628 296 2703; x_wconf 89' lang='lat' dir='ltr'>Neptuno</span> <span class='ocrx_word' id='word_1_169' title='bbox 311 2626 473 2703; x_wconf 78' lang='lat' dir='ltr'>Alcyonen</span> <span class='ocrx_word' id='word_1_170' title='bbox 492 2633 522 2684; x_wconf 90' lang='lat' dir='ltr'>et</span> <span class='ocrx_word' id='word_1_171' title='bbox 535 2631 580 2700; x_wconf 89' lang='lat' dir='ltr'>te,</span> <span class='ocrx_word' id='word_1_172' title='bbox 601 2625 737 2686; x_wconf 78' lang='lat' dir='ltr'>formosa</span> <span class='ocrx_word' id='word_1_173' title='bbox 755 2625 902 2687; x_wconf 68' lang='lat' dir='ltr'>Celaenoa</span> 
     </span>
     <span class='ocr_line' id='line_1_29' title="bbox 197 2707 824 2784; baseline -0.013 -14"><span class='ocrx_word' id='word_1_174' title='bbox 197 2709 299 2770; x_wconf 89' lang='lat' dir='ltr'>Maian</span> <span class='ocrx_word' id='word_1_175' title='bbox 315 2717 345 2770; x_wconf 89' lang='lat' dir='ltr'>et</span> <span class='ocrx_word' id='word_1_176' title='bbox 356 2708 495 2767; x_wconf 83' lang='lat' dir='ltr'>Electran</span> <span class='ocrx_word' id='word_1_177' title='bbox 509 2710 728 2784; x_wconf 78' lang='lat' dir='ltr'>Taygetenque</span> <span class='ocrx_word' id='word_1_178' title='bbox 744 2707 824 2768; x_wconf 66' lang='lat' dir='ltr'>lovis</span> 
     </span>
     <span class='ocr_line' id='line_1_30' title="bbox 91 2789 949 2870; baseline -0.007 -17"><span class='ocrx_word' id='word_1_179' title='bbox 91 2799 143 2855; x_wconf 80' lang='grc'>175</span> <span class='ocrx_word' id='word_1_180' title='bbox 158 2793 295 2868; x_wconf 88' lang='lat' dir='ltr'>Septima</span> <span class='ocrx_word' id='word_1_181' title='bbox 309 2791 427 2853; x_wconf 86' lang='lat' dir='ltr'>mortali</span> <span class='ocrx_word' id='word_1_182' title='bbox 441 2789 568 2866; x_wconf 88' lang='lat' dir='ltr'>Merope</span> <span class='ocrx_word' id='word_1_183' title='bbox 582 2791 649 2865; x_wconf 90' lang='lat' dir='ltr'>tibi,</span> <span class='ocrx_word' id='word_1_184' title='bbox 665 2790 816 2870; x_wconf 78' lang='lat' dir='ltr'>Sisyphe,</span> <span class='ocrx_word' id='word_1_185' title='bbox 832 2789 949 2868; x_wconf 79' lang='lat' dir='ltr'>nupsit=</span> 
     </span>
     <span class='ocr_line' id='line_1_31' title="bbox 197 2873 813 2950; baseline -0.006 -14"><span class='ocrx_word' id='word_1_186' title='bbox 197 2876 347 2948; x_wconf 87' lang='lat' dir='ltr'>Paenitet,</span> <span class='ocrx_word' id='word_1_187' title='bbox 365 2880 395 2935; x_wconf 89' lang='lat' dir='ltr'>et</span> <span class='ocrx_word' id='word_1_188' title='bbox 409 2873 480 2934; x_wconf 85' lang='lat' dir='ltr'>lacti</span> <span class='ocrx_word' id='word_1_189' title='bbox 496 2875 564 2936; x_wconf 89' lang='lat' dir='ltr'>sola</span> <span class='ocrx_word' id='word_1_190' title='bbox 577 2875 698 2950; x_wconf 89' lang='lat' dir='ltr'>pudore</span> <span class='ocrx_word' id='word_1_191' title='bbox 711 2875 813 2934; x_wconf 86' lang='lat' dir='ltr'>latet...</span> 
     </span>
     <span class='ocr_line' id='line_1_32' title="bbox 156 2957 857 3035; baseline -0.003 -15"><span class='ocrx_word' id='word_1_192' title='bbox 156 2960 229 3021; x_wconf 86' lang='lat' dir='ltr'>Sive</span> <span class='ocrx_word' id='word_1_193' title='bbox 244 2959 329 3035; x_wconf 89' lang='lat' dir='ltr'>quod</span> <span class='ocrx_word' id='word_1_194' title='bbox 341 2958 462 3018; x_wconf 83' lang='lat' dir='ltr'>Electra</span> <span class='ocrx_word' id='word_1_195' title='bbox 475 2958 583 3019; x_wconf 77' lang='lat' dir='ltr'>&#39;lroiae</span> <span class='ocrx_word' id='word_1_196' title='bbox 598 2963 739 3033; x_wconf 87' lang='lat' dir='ltr'>spectare</span> <span class='ocrx_word' id='word_1_197' title='bbox 752 2957 857 3018; x_wconf 91' lang='lat' dir='ltr'>ruinas</span> 
     </span>
     <span class='ocr_line' id='line_1_33' title="bbox 197 3040 945 3116; baseline -0.007 -13"><span class='ocrx_word' id='word_1_198' title='bbox 197 3044 265 3103; x_wconf 84' lang='lat' dir='ltr'>Non</span> <span class='ocrx_word' id='word_1_199' title='bbox 279 3043 361 3114; x_wconf 89' lang='lat' dir='ltr'>tulit,</span> <span class='ocrx_word' id='word_1_200' title='bbox 381 3047 451 3101; x_wconf 88' lang='lat' dir='ltr'>ante</span> <span class='ocrx_word' id='word_1_201' title='bbox 466 3042 574 3102; x_wconf 90' lang='lat' dir='ltr'>oculos</span> <span class='ocrx_word' id='word_1_202' title='bbox 590 3040 798 3116; x_wconf 90' lang='lat' dir='ltr'>opposuitque</span> <span class='ocrx_word' id='word_1_203' title='bbox 812 3055 945 3100; x_wconf 91' lang='lat' dir='ltr'>manum.</span> 
     </span>
    </p>
   </div>
   <div class='ocr_carea' id='block_1_5' title="bbox 278 3174 876 3249">
    <p class='ocr_par' dir='ltr' id='par_1_5' title="bbox 278 3174 876 3249">
     <span class='ocr_line' id='line_1_34' title="bbox 278 3174 876 3249; baseline -0.01 -10"><span class='ocrx_word' id='word_1_204' title='bbox 278 3177 308 3240; x_wconf 87' lang='lat'>3.</span> <span class='ocrx_word' id='word_1_205' title='bbox 330 3177 385 3238; x_wconf 83' lang='lat' dir='ltr'>EC</span> <span class='ocrx_word' id='word_1_206' title='bbox 428 3174 457 3241; x_wconf 82' lang='lat'>4.</span> <span class='ocrx_word' id='word_1_207' title='bbox 479 3175 533 3249; x_wconf 79' lang='lat' dir='ltr'>FC</span> <span class='ocrx_word' id='word_1_208' title='bbox 552 3187 876 3234; x_wconf 66' lang='lat' dir='ltr'>uvat-marmure</span> 
     </span>
    </p>
   </div>
   <div class='ocr_carea' id='block_1_6' title="bbox 94 3289 884 3603">
    <p class='ocr_par' dir='ltr' id='par_1_6' title="bbox 94 3289 884 3603">
     <span class='ocr_line' id='line_1_35' title="bbox 155 3289 874 3370; baseline -0.008 -15"><span class='ocrx_word' id='word_1_209' title='bbox 155 3295 214 3355; x_wconf 81' lang='lat' dir='ltr'>Ter</span> <span class='ocrx_word' id='word_1_210' title='bbox 228 3293 295 3354; x_wconf 94' lang='lat' dir='ltr'>sine</span> <span class='ocrx_word' id='word_1_211' title='bbox 309 3300 460 3370; x_wconf 90' lang='lat' dir='ltr'>perpetuo</span> <span class='ocrx_word' id='word_1_212' title='bbox 476 3294 593 3354; x_wconf 88' lang='lat' dir='ltr'>caelum</span> <span class='ocrx_word' id='word_1_213' title='bbox 607 3296 747 3350; x_wconf 89' lang='lat' dir='ltr'>versetur</span> <span class='ocrx_word' id='word_1_214' title='bbox 761 3289 792 3349; x_wconf 94' lang='lat' dir='ltr'>ln</span> <span class='ocrx_word' id='word_1_215' title='bbox 806 3304 874 3364; x_wconf 87' lang='lat' dir='ltr'>axe,</span> 
     </span>
     <span class='ocr_line' id='line_1_36' title="bbox 94 3375 870 3453; baseline -0.009 -13"><span class='ocrx_word' id='word_1_216' title='bbox 94 3385 145 3440; x_wconf 84' lang='grc'>180</span> <span class='ocrx_word' id='word_1_217' title='bbox 200 3377 259 3437; x_wconf 90' lang='lat' dir='ltr'>Ter</span> <span class='ocrx_word' id='word_1_218' title='bbox 271 3377 376 3453; x_wconf 82' lang='lat' dir='ltr'>iungat</span> <span class='ocrx_word' id='word_1_219' title='bbox 388 3377 472 3438; x_wconf 79' lang='lat' dir='ltr'>&#39;liban</span> <span class='ocrx_word' id='word_1_220' title='bbox 488 3383 595 3452; x_wconf 89' lang='lat' dir='ltr'>terque</span> <span class='ocrx_word' id='word_1_221' title='bbox 608 3375 744 3435; x_wconf 88' lang='lat' dir='ltr'>resolvat</span> <span class='ocrx_word' id='word_1_222' title='bbox 761 3388 870 3449; x_wconf 79' lang='lat' dir='ltr'>equoS,</span> 
     </span>
     <span class='ocr_line' id='line_1_37' title="bbox 115 3457 884 3603; baseline -0.003 -82"><span class='ocrx_word' id='word_1_223' title='bbox 115 3459 298 3603; x_wconf 35' lang='lat' dir='ltr'>ovffossilqus</span> <span class='ocrx_word' id='word_1_224' title='bbox 316 3460 430 3522; x_wconf 79' lang='lat' dir='ltr'>inflexo</span> <span class='ocrx_word' id='word_1_225' title='bbox 444 3457 627 3535; x_wconf 78' lang='lat' dir='ltr'>Berecyntia</span> <span class='ocrx_word' id='word_1_226' title='bbox 640 3457 714 3520; x_wconf 88' lang='lat' dir='ltr'>tibia</span> <span class='ocrx_word' id='word_1_227' title='bbox 729 3472 826 3520; x_wconf 89' lang='lat' dir='ltr'>coma</span> <span class='ocrx_word' id='word_1_228' title='bbox 849 3547 884 3603; x_wconf 65' lang='grc'>18</span> 
     </span>
    </p>
   </div>
   <div class='ocr_carea' id='block_1_7' title="bbox 0 0 1171 3960">
    <p class='ocr_par' dir='ltr' id='par_1_7' title="bbox 0 0 1171 3960">
     <span class='ocr_line' id='line_1_38' title="bbox 0 0 1171 3960; baseline 0 0"><span class='ocrx_word' id='word_1_229' title='bbox 0 0 1171 3960; x_wconf 95' lang='lat' dir='ltr'> </span> 
     </span>
    </p>
   </div>
  </div>
 </body>
</html>
