2318 3960
97 216 160 283 134
490 216 550 277 EX
574 212 722 275 Poura

180 371 266 431 Hane
281 371 340 431 nisi
355 379 387 431 tu
402 371 515 446 pariter
529 367 619 428 simili
634 382 701 427 eum
717 369 809 428 fratre
825 368 956 442 levares,
1061 404 1064 409 -

219 456 282 515 Vix
296 470 382 514 mens
397 454 536 513 tristitiae
550 459 656 512 nostra
669 451 790 513 tulisset
804 467 893 514 auus.

181 540 247 598 Vos
262 540 337 599 estis
352 539 449 598 tracta
463 536 552 596 tellus
567 550 629 595 nou
645 535 722 596 dura
736 536 881 613 phaseto=

138 630 174 686 tu
224 622 382 698 Quamque
396 626 509 696 negant
522 619 616 694 multi,
638 633 697 679 vas
712 619 784 679 mibi
799 618 885 681 tertis
900 633 1004 695 apem.

180 705 277 783 Ferte,
301 720 419 781 precor,
442 719 575 779 semper,
600 703 672 778 quia
685 718 811 779 semper
824 702 984 779 egebimus
997 703 1058 778 ilia,

204 797 206 801 '
221 789 363 851 Caesaris
378 787 532 850 offensum
547 787 620 848 dum
633 787 707 847 mihi
721 803 832 848 numen
846 787 911 848 erit.

181 872 237 947 Qui
251 875 385 934 meritam
400 872 491 933 nabis
505 872 628 946 minuat,
651 886 714 933 aon
728 872 814 932 finiat
827 872 911 946 iram,

223 957 408 1034 Suppliciter
420 963 544 1017 vestros
560 957 692 1032 quisque
705 964 812 1032 rogate
825 956 914 1016 deos.

509 1115 705 1126 -u-——u

383 1241 532 1325 LIBER
558 1235 834 1325 titubatis.
944 1218 948 1225 ⁸

128 1367 177 1470 i(
225 1412 500 1474 auauuutca
523 1410 739 1474 arrasam.

181 1508 251 1605 flue
266 1561 392 1622 quoque
407 1546 549 1606 Caesarei
564 1547 703 1623 pervenit
716 1545 797 1606 ianm
810 1543 964 1620 triumphi,

221 1629 380 1704 Languida
395 1646 456 1704 quo
473 1630 548 1690 iessi
564 1631 616 1689 vix
630 1630 714 1691 venit
727 1644 801 1690 aura
814 1627 894 1689 Nati.

180 1711 226 1771 Nil
241 1712 307 1772 iore
322 1713 411 1773 dulae
426 1713 498 1772 mihi
514 1713 660 1791 Scythica
673 1714 801 1789 regione
818 1713 933 1788 putavi.

221 1796 285 1856 Iam
299 1796 398 1858 miuus
413 1797 463 1857 hie
478 1798 551 1858 odiu
566 1806 622 1872 est,
647 1815 738 1874 quarn
752 1797 808 1857 fuit
822 1803 901 1870 ante,
919 1797 1019 1858 loeus.

151 1880 314 1945 bTandem
329 1881 445 1956 aliquid
459 1883 549 1958 pulsa
564 1898 704 1943 curarum
718 1880 800 1942 nube
813 1894 958 1941 serenum

214 1963 298 2023 Vidi.
332 1965 471 2025 fortunae
486 1966 582 2026 verba
597 1966 731 2042 dedique
745 1979 842 2025 meae.

176 2047 257 2107 Notit
270 2054 303 2108 ut
317 2049 380 2110 ulla
394 2049 467 2109 mihi
484 2050 662 2126 contingere
676 2048 790 2125 gaudia
803 2048 927 2123 caesar,

218 2132 307 2190 Velie
322 2138 425 2208 potest
439 2132 536 2194 cuivis
550 2133 628 2193 haee
641 2140 742 2194 tamen
756 2149 818 2193 una
832 2132 909 2194 dari.
972 2188 975 2193 .

177 2213 215 2275 Di
231 2230 365 2290 quaqua,
386 2223 419 2276 ut
434 2232 452 2276 a
467 2218 583 2278 eunetis
598 2217 687 2277 hilari
702 2218 816 2292 pietate
830 2217 977 2292 eulautur,

135 2312 168 2363 10
219 2298 382 2360 'iristitiam
398 2301 470 2375 poni
485 2318 612 2377 persua
627 2302 705 2362 testa
720 2301 834 2362 iubent.

178 2381 326 2458 Denique,
348 2386 432 2457 quod
447 2391 548 2447 certus
563 2387 648 2446 furor
662 2391 710 2446 est
724 2385 838 2446 audere
852 2384 949 2460 fateri,

219 2465 284 2525 Hac
299 2481 357 2540 ago
372 2468 494 2545 laetitia,
515 2470 542 2531 si
556 2475 638 2529 vetet
653 2470 729 2546 ipse,
750 2470 843 2530 truar.

179 2548 314 2623 Iuppiter
328 2551 450 2613 utilibus
466 2553 607 2628 quotiens
623 2554 708 2614 iuvat
722 2552 869 2614 imbribus
884 2568 990 2630 agras,

217 2631 312 2693 Mixta
324 2640 417 2695 tenax
431 2636 528 2712 segeti
543 2652 683 2698 creseere
698 2638 791 2715 lappa
806 2637 896 2698 solet.

130 2731 164 2783 15
177 2715 241 2776 Nos
259 2732 383 2792 quoque
398 2720 577 2795 frugiferum
592 2722 740 2783 sentimus
755 2721 869 2782 inutilis
883 2718 981 2783 herba

217 2800 343 2873 Numen,
366 2808 397 2862 et
410 2803 505 2864 invita
519 2820 615 2880 saepe
629 2805 769 2867 iuvamur
783 2821 854 2882 ope.

179 2883 297 2945 Gaudia
312 2884 481 2947 Caesareae
496 2889 605 2950 mentis
620 2905 678 2965 pro
693 2897 780 2965 parte
792 2889 871 2949 virili

219 2967 296 3029 Sunt
309 2985 388 3030 mea.
418 2971 527 3045 privati
542 2973 584 3032 nil
597 2973 691 3034 habet
704 2973 756 3034 iila
770 2974 892 3036 domus.
970 3024 975 3031 .

178 3050 288 3126 Gratia,
310 3054 399 3128 tama,
422 3054 489 3115 tibi!
513 3072 569 3130 per
584 3073 676 3130 quam
692 3063 831 3133 spectata
843 3053 990 3134 triumphi

130 3152 166 3206 20
219 3135 341 3198 Inclusa
355 3138 466 3199 madiis
481 3145 530 3200 est
543 3140 615 3200 mihi
630 3157 744 3217 pompa
760 3141 854 3202 Getis.

178 3217 283 3278 Indice
298 3227 328 3281 te
343 3222 445 3297 didici,
467 3232 565 3299 riupar
577 3224 709 3285 visenda
723 3225 828 3287 coisse

219 3301 399 3367 Innumeras
413 3314 522 3380 gentes
538 3308 579 3368 ad
593 3308 682 3369 ducis
697 3325 752 3369 ora
766 3309 829 3371 suia

179 3385 325 3461 Quaeque
340 3390 422 3464 capit
434 3391 534 3452 vastis
549 3392 721 3454 inmensum
735 3392 897 3455 moenibus
911 3393 1028 3466 orbem,

218 3468 368 3544 Hospitiis
384 3473 512 3534 Romam
527 3474 579 3535 vix
592 3475 741 3539 habuisse
755 3477 866 3539 iarum.
957 3510 960 3515 ·
