2318 3960
420 261 462 335 V,
484 256 662 322 326-399
979 258 1043 323 305

156 413 283 474 Lumina
302 419 373 473 sunt
385 397 509 473 nostros
524 410 593 472 visa
611 411 721 472 decere
735 410 818 472 dies

71 507 103 561 55
119 499 178 556 Vel
195 496 266 572 quia
284 511 342 556 nee
357 493 417 557 ilos
436 503 484 557 est
499 477 602 569 hebeti
615 510 673 555 nec
687 483 810 555 flamma
826 495 938 570 colore,

156 582 259 676 Atque
277 581 408 640 oculos
399 597 431 639 ιιι
448 595 482 658 se
501 572 655 678 splendor
662 587 790 664 uterque
803 579 908 639 trahit.

113 665 173 724 Vel
188 663 259 740 quia
276 663 393 723 deliciis
408 656 557 732 nocturna
571 663 692 742 licentia
705 663 819 723 nostris

159 746 316 808 convenit.
345 763 364 806 a
378 762 453 807 vero
473 743 562 806 tertia
576 761 672 820 causa
685 741 791 806 venit?

114 832 182 891 ‘Est
195 831 291 891 breve
306 839 479 907 praeterea,
495 829 534 890 de
549 846 610 905 quo
630 829 702 889 mihi
719 845 866 905 quaerere
878 832 983 905 restat,

71 926 102 981 lo
159 914 193 975 Si
210 916 310 976 liceat'
329 915 402 974 dixi
432 915 508 974 dlxii
521 923 551 975 et
567 913 617 972 illa
633 912 755 973 ‘Licetl’

115 999 188 1061 ‘cur
201 998 254 1059 tibi
270 1014 326 1075 pro
341 998 466 1077 Libycis
482 997 663 1071 clauduntur
679 1004 744 1058 rete
764 997 880 1058 leaenis

157 1083 298 1143 imbelles
313 1098 446 1159 capreae
461 1081 672 1178 sollicitusque
689 1082 777 1157 lepus
785 1086 811 1140 ι’

114 1167 182 1228 Non
197 1165 270 1240 sibi,
288 1166 463 1242 respondit,
480 1166 575 1226 silvas
590 1156 741 1239 cessisse,
758 1165 815 1226 sed
829 1164 945 1238 hortos,

156 1251 303 1324 Arvaque
320 1249 454 1325 pugnaci
472 1265 534 1309 non
550 1231 693 1309 adeunda
711 1248 805 1309 ierac.

71 1343 103 1398 ιι
120 1332 227 1395 Omnia
241 1333 370 1394 finierat.
399 1341 507 1394 tenues
523 1331 675 1393 secessit
667 1350 696 1392 nr
716 1349 817 1394 auras.

157 1417 269 1478 Mansit
283 1418 370 1477 odor.
399 1433 514 1493 posses
529 1417 608 1476 scire
622 1416 720 1479 luisse
736 1417 834 1478 deam.

115 1501 309 1561 Floreatt
251 1509 284 1562 ut
297 1509 369 1561 toto
375 1516 496 1561 carmen
510 1500 671 1561 Nasonis
662 1517 694 1561 ιιι
708 1516 796 1576 aevo,

161 1585 293 1660 Sparge,
310 1600 435 1659 precor,
452 1585 541 1644 donis
557 1573 683 1660 pectora
696 1592 802 1645 nostra
816 1585 886 1645 tuis

351 1718 381 1780 3
410 1718 474 1796 [GC
492 1735 579 1777 avo·
590 1734 640 1777 ιιι·
656 1720 727 1796 ιιι]

118 1837 212 1895 Nocte
225 1835 326 1894 minus
343 1841 450 1915 quarta
469 1840 588 1911 promet
602 1851 660 1895 sua
673 1834 777 1895 sidera
791 1833 901 1893 Chiron

71 1929 106 1983 80
164 1918 294 1980 Semivir
308 1925 338 1977 et
352 1916 425 1977 flavi
440 1933 570 1993 corpore
584 1919 696 1978 mixtus
712 1917 794 1993 equi

117 2003 221 2062 Pelion
235 2001 421 2061 Haemoniae
434 2017 524 2061 mons
538 2008 586 2062 est
600 2001 774 2062 obversus
766 2017 796 2059 ln
811 2007 947 2061 austros·

160 2086 285 2165 Summa
298 2086 397 2144 virent
410 2086 499 2167 pinu,
515 2092 616 2145 cetera
633 2099 765 2159 quereus
780 2082 881 2143 habet.

118 2166 301 2246 Phillyrides
316 2168 420 2244 tenuit.
449 2184 526 2228 saxo
542 2176 624 2230 stant
638 2173 723 2229 antra
739 2173 870 2240 vetusto,

162 2254 245 2327 Quae
259 2252 371 2312 iustum
390 2244 558 2312 memorant
572 2249 738 2313 incoluisse
753 2265 868 2310 senem.

71 2348 106 2401 85
121 2339 175 2397 ille
188 2339 297 2395 manus
313 2336 384 2396 olim
398 2337 546 2396 missuras
560 2337 694 2396 Hectora
708 2336 768 2396 leto

163 2419 321 2480 Creditur
313 2437 344 2479 ιιι
358 2420 464 2499 lyricis
480 2420 648 2499 detinuisse
667 2419 779 2480 modis

119 2505 254 2563 Venerat
267 2503 393 2564 Alcides
409 2494 559 2563 exhausta
572 2494 659 2579 parte
675 2503 821 2576 laborum,

162 2581 314 2663 lussaque
330 2585 487 2646 restabant
502 2587 607 2648 ultima
620 2602 720 2662 paene
735 2587 812 2647 viro.

122 2671 209 2732 Stare
223 2671 313 2729 simul
328 2685 403 2729 casu
416 2669 524 2729 Troiae
539 2670 600 2730 duo
615 2670 677 2730 luta
691 2671 831 2730 videres

72 2763 109 2818 90
165 2754 241 2813 Hinc
256 2769 333 2829 puer
345 2752 514 2826 Aeacides,
534 2752 605 2812 hinc
619 2754 692 2813 love
707 2761 795 2814 natus
816 2763 889 2816 erat.

120 2837 241 2912 Excipit
256 2838 389 2913 hospitio
406 2837 545 2915 iuvenem
560 2836 732 2913 Philyreius
746 2838 847 2911 heros,

162 2921 199 2981 Et
216 2937 342 2981 causam
359 2921 509 2980 adventus
525 2921 574 2981 hie
588 2923 689 2995 rogat,
710 2922 760 2981 ille
776 2921 875 2982 docet.

121 3005 271 3080 Perspieit
285 3005 400 3064 interea
414 3005 531 3064 clavam
545 2996 739 3081 spoliumque
754 3004 860 3079 leonis,

165 3090 305 3163 ‘Vir’que
320 3088 361 3147 ait
375 3087 435 3147 ‘his
450 3089 557 3163 annis,
567 3104 718 3167 ¹armaque
733 3087 825 3163 digna
839 3089 933 3149 virot’

71 3181 110 3235 ‚95
125 3172 187 3232 Nec
202 3189 252 3246 se,
274 3173 347 3247 quin
362 3171 490 3232 horrens
506 3170 654 3232 auderent
669 3179 794 3248 tangere
808 3173 902 3232 saetis

164 3257 288 3332 Velius,
307 3254 466 3316 Achilleae
480 3257 657 3316 continuere
671 3271 789 3318 manus.

123 3340 263 3413 Dumque
280 3355 376 3400 senex
390 3345 498 3400 tractat
512 3340 683 3415 squalentia
696 3341 758 3401 tela
772 3339 909 3416 venenis,

164 3423 286 3484 Excidit
301 3431 332 3484 et
347 3425 437 3483 laevo
454 3424 517 3484 fixa
531 3424 641 3499 sagitta
654 3424 735 3501 pede
749 3429 805 3484 est.

122 3506 270 3647 lngeffluit
284 3507 411 3582 chiron,
430 3507 581 3584 traxitque
596 3525 613 3569 e
628 3524 759 3586 corpore
772 3508 899 3569 lerrunn

80 3606 164 3648 curo.
229 3633 236 3648 .
808 3600 843 3654 lo
