2318 3960
383 209 414 285 t,
438 208 473 284 7,
497 208 615 285 re-s‚
638 209 689 271 ao.
980 208 1043 287 sao
1115 261 1119 267 ,

147 365 211 426 Sed
225 365 280 426 tuit
292 365 324 426 in
339 363 409 424 fatis
423 362 483 424 hoo
498 375 632 437 quoque,
656 362 760 437 eredo,
778 363 865 425 meis.

102 450 168 511 Neo
180 464 322 517 maneum
337 447 472 509 osticium
486 445 583 507 seusit
596 445 707 511 domus
721 447 816 511 attera
829 453 977 513 nostrum.

146 533 212 605 Hie,
233 533 303 606 iiiia,
327 537 429 593 vestro
445 529 502 601 sub
517 531 581 591 tare
596 544 718 605 semper
731 546 824 590 oram.
845 602 848 607 ¹

105 617 253 693 Quaeque
266 622 319 679 tua
334 621 381 677 est
395 614 504 690 pietas,
527 619 560 672 ut
570 618 600 673 te
613 628 676 684 non
691 615 812 675 excolat
825 613 934 690 ipsum,

54 709 91 764 ⁶⁰
149 700 202 762 Ius
217 699 343 774 aliquod
357 705 459 759 tecum
472 696 573 758 fratris
589 695 705 759 audeus
719 696 821 772 hahet

106 783 185 858 Quid
202 784 296 861 quod,
316 789 350 847 ut
363 782 496 849 emeritis
513 781 676 840 referenda
690 787 738 841 est
751 780 849 856 gratia
862 794 993 856 semper,

148 866 200 928 Sia
213 874 262 927 est
275 867 416 927 fortunae
431 864 640 941 promeruisse
654 870 745 925 tuaet

107 949 238 1024 Quodsi
253 950 401 1026 permittis
415 948 504 1009 nobis
519 947 660 1022 suadere,
684 947 759 1024 quid
773 954 871 1026 optes,

144 1034 184 1096 Ut
198 1035 265 1108 des,
288 1050 380 1110 quam
394 1033 517 1102 reddas,
538 1032 671 1107 plura...
686 1047 813 1107 precare
828 1032 921 1094 deos!

54 1127 89 1182 ⁶5
102 1119 201 1193 idque
214 1117 300 1192 imis,
324 1124 532 1195 quantumque
545 1116 616 1176 iicet
629 1114 814 1190 meminisse,
833 1115 959 1179 solebas

144 1201 245 1263 Otfloii
259 1217 385 1263 oausam
399 1199 537 1276 pluribus
552 1213 624 1259 esse
637 1199 710 1274 pati.

103 1285 169 1360 Quo
184 1285 258 1347 libet
271 1285 301 1345 in
317 1300 444 1347 nmnero
459 1299 517 1358 me,
536 1282 723 1355 Messattine,
744 1297 870 1359 repone,

145 1368 208 1430 Sim
223 1369 316 1433 modo
331 1383 405 1445 pers
421 1373 543 1429 vestrae
558 1381 620 1425 non
634 1366 734 1427 aliena
749 1366 874 1427 domasa

102 1453 140 1513 Et
153 1454 234 1521 maio
246 1453 409 1526 Nasonem,
433 1452 577 1526 quoniam
591 1450 742 1511 meruisse
755 1448 889 1526 videtur,

54 1545 90 1602 to
145 1535 178 1597 Si
193 1553 254 1597 non
269 1537 350 1597 ferre
365 1536 463 1609 dolos,
486 1542 516 1595 at
530 1533 680 1595 meruisse
695 1534 775 1594 dote.

49 1717 92 1813 8.
155 1748 349 1814 sevorio.

104 1837 137 1929 Α
156 1871 209 1933 tibi
224 1871 335 1935 diteoto
351 1871 478 1935 missam
490 1868 614 1929 Nasone
629 1869 758 1941 salutem

146 1956 272 2031 Aeeipe,
294 1971 367 2032 pars
381 1955 501 2017 animae
515 1968 634 2028 magna,
656 1950 780 2025 Severe,
800 1963 896 2011 meae.

104 2039 188 2101 Neve
201 2055 286 2116 roga,
308 2039 382 2114 quid
396 2054 494 2114 agam.
526 2038 553 2097 si
567 2050 738 2112 persequar
752 2033 862 2106 omnia,
886 2030 988 2095 flebis.

147 2122 272 2184 Summa
286 2125 360 2184 satis
376 2122 473 2184 nostri
487 2121 514 2181 si
528 2121 582 2182 tibi
598 2126 670 2181 nota
683 2117 764 2179 mali.

77 2207 245 2271 5Vivimus
260 2207 395 2269 assiduis
411 2213 554 2283 expertes
569 2204 656 2280 pacis
672 2203 704 2263 in
718 2201 819 2270 armis,

146 2291 229 2351 Dura
244 2291 419 2366 pharetrato
433 2288 515 2350 betia
527 2295 670 2349 movente
684 2287 769 2348 Geta

105 2374 213 2450 Deque
226 2382 270 2437 tot
284 2374 423 2451 expulsis
438 2389 507 2436 sum
519 2373 607 2433 milas
621 2373 652 2431 in
668 2371 760 2433 exule
774 2370 878 2434 solusa

146 2459 231 2534 Tuta,
255 2473 356 2534 neque
371 2458 505 2532 invideo,
528 2463 630 2516 cetera
643 2454 732 2516 turba
749 2454 831 2519 latet.

106 2542 234 2617 Quoque
248 2542 346 2618 magis
361 2550 485 2602 nostros
499 2540 591 2600 venia
605 2540 731 2615 dignere
745 2538 875 2604 iibeiios.

63 2635 99 2687 to
151 2626 235 2686 Haeo
249 2627 280 2687 in
294 2625 455 2703 procinctu
470 2624 605 2685 earmina
619 2624 700 2683 iacta
714 2622 808 2697 leges.

107 2708 173 2770 Stat
188 2717 274 2771 vetus
289 2709 372 2785 urbs,
393 2711 480 2784 ripae
495 2708 595 2767 vicina
607 2705 772 2766 binominis
787 2706 889 2779 Histri,

147 2793 308 2855 Moenibus
324 2801 353 2854 et
367 2793 472 2869 positu
485 2792 539 2851 vix
553 2790 696 2855 adeunda
709 2789 779 2849 ioci.

107 2876 238 2952 Caspios
250 2878 396 2954 Aegisos,
419 2877 458 2937 de
473 2876 549 2946 sesi
565 2875 718 2935 oredimus
732 2874 819 2948 ipsis,

147 2961 299 3036 condidit,
323 2969 353 3022 et
367 2960 492 3037 proprio
508 2959 630 3024 nomine
645 2958 721 3019 dixit
736 2972 823 3032 opus.

64 3053 98 3108 15
108 3044 195 3105 Hane
208 3046 301 3120 ierus,
322 3045 463 3122 Odrysiis
479 3044 605 3120 inopino
620 3049 715 3102 marte
729 3038 905 3116 peremptis,

149 3128 243 3205 Cepit,
267 3136 298 3190 at
310 3129 342 3190 in
357 3145 462 3204 regern
476 3128 598 3189 sustulit
613 3142 698 3186 arma
712 3125 813 3186 Getes,

105 3212 158 3272 lile
173 3228 289 3274 memor
302 3213 403 3289 magni
418 3214 550 3288 generis,
573 3212 683 3270 virtute
700 3208 785 3286 quod
799 3217 898 3285 auget,

146 3295 288 3358 Protinus
303 3296 461 3359 innumero
476 3297 569 3358 milite
584 3295 702 3357 oinotus
717 3293 815 3353 adest.

104 3379 168 3440 Nee
181 3381 268 3458 prius
282 3381 445 3458 abscessit,
468 3380 574 3442 merita
589 3394 680 3454 quam
695 3377 792 3440 eaeda
805 3381 967 3438 noeentum
