2318 3960
421 191 461 267 v,
482 187 511 265 e,
535 174 674 268 ra-ru,
695 191 745 255 10.

197 342 302 403 Gratia
316 351 387 419 post
401 357 531 418 magnos
547 343 661 404 esttibi
676 343 820 405 habenda
835 347 921 406 deos.

155 428 210 487 llle
225 426 308 488 dedit
323 427 426 486 vitam.
457 434 499 501 tu,
522 444 614 502 quam
630 429 714 489 dedit
728 429 787 504 ille,
811 430 914 500 tueris,

198 511 234 571 Et
251 511 326 570 lacis
341 519 468 587 accepto
484 527 610 570 munere
627 526 724 587 posse
739 513 808 573 irui.

117 605 150 657 15
162 595 298 670 Cumque
313 594 505 669 perhorreret
520 605 612 655 casus
628 611 702 672 pars
716 597 850 657 maxima
862 605 997 670 nostros,

198 679 273 739 Pars
288 679 377 738 etiam
393 678 477 739 credi
493 680 689 754 pertimuisse
705 680 785 755 velit,

157 761 415 838 Naufragiumque
428 776 529 821 meum
542 764 660 823 tumulo
672 772 826 839 spectaret
839 764 963 838 abolla,

199 845 263 906 Neo
279 845 398 906 dederit
411 846 494 905 nanti
509 863 566 922 per
580 848 657 908 irata
671 862 766 908 saeva
780 862 911 922 manum,

160 928 350 989 Seminecem
367 929 474 1006 Stygia
488 931 641 992 revocasti
655 933 742 992 solus
755 932 901 992 abunda.

115 1021 152 1074 20
202 1013 1094 1091 Hocquoquequodmemorespossumusesse,tuumest.

159 1096 194 1157 Di
210 1096 265 1157 tibi
280 1112 315 1157 se
330 1097 463 1159 tribuant
478 1113 547 1158 cum
562 1098 694 1159 Caesare
709 1115 833 1175 semper
847 1100 979 1160 amicos:

200 1181 267 1240 Non
282 1181 380 1257 potuit
393 1188 498 1241 votum
511 1183 633 1256 plenius
649 1198 721 1243 esse
735 1199 845 1242 meum,

159 1266 243 1325 llaec
258 1281 343 1325 meus
354 1265 492 1340 argutis,
507 1267 534 1326 si
549 1272 582 1326 tu
596 1274 744 1343 paterere,
769 1266 879 1326 libellis

201 1349 329 1409 Poneret
344 1349 374 1409 in
390 1350 485 1411 multa
498 1351 567 1412 luce
582 1351 716 1411 videnda
731 1349 827 1410 labor.
997 1400 1000 1404 .

112 1437 151 1496 *25
162 1433 249 1494 Nunc
263 1448 388 1508 quoque
401 1449 445 1507 se,
469 1435 610 1509 quamvis
626 1441 674 1494 est
686 1435 772 1494 iussa
786 1434 955 1508 quiescere,
978 1433 1050 1508 quin
1065 1441 1095 1494 te

200 1515 342 1577 Nominet
355 1517 489 1588 invitum,
513 1517 567 1578 vix
581 1534 650 1578 mea
662 1519 751 1578 lllusa
764 1523 856 1578 tenet.

160 1600 260 1674 thue
274 1616 381 1661 canem
397 1602 528 1676 pavidae
540 1610 662 1663 nactum
677 1601 807 1677 vestigia
820 1616 931 1661 cervae

201 1684 378 1745 Luctantem
392 1686 505 1746 lrustra
520 1687 632 1761 copula
646 1687 724 1746 dura
738 1693 827 1759 tenet,

160 1767 263 1844 thue
276 1768 359 1829 iores
373 1769 510 1830 nondum
524 1771 653 1831 reserati
667 1770 799 1830 carceris
814 1785 886 1828 acer

117 1860 153 1913 30
184 1852 270 1911 Nunc
285 1853 374 1928 pede,
396 1867 477 1912 nunc
491 1853 560 1928 ipsa
575 1855 673 1914 fronte
688 1854 814 1914 lacessit
825 1869 935 1928 equus,

162 1934 213 1995 Sic
228 1950 298 1995 mea
314 1937 382 2011 iege
395 1937 468 1996 data
481 1938 585 1996 vincta
599 1945 692 2014 atque
708 1938 827 1998 inclusa
840 1936 945 1995 Thalia

201 2018 260 2078 Per
271 2019 388 2080 titulum
404 2020 488 2081 vetiti
502 2022 633 2081 nominis
650 2023 694 2082 ire
708 2021 801 2096 cupit.

160 2103 205 2162 Ne
218 2110 319 2163 tamen
335 2104 443 2164 cilicio
454 2106 597 2165 memoris
614 2105 747 2165 laedaris
762 2103 860 2179 amici,

200 2185 318 2247 Parebo
333 2188 459 2248 iussis...
473 2204 568 2263 parce
581 2190 718 2249 timere...
733 2189 805 2249 tuis

118 2278 153 2331 35
164 2272 205 2330 At
219 2287 281 2331 non
297 2286 449 2347 parerem,
468 2272 527 2332 nisi
542 2288 591 2332 me
605 2272 782 2333 meminisse
797 2277 931 2348 putares.

201 2354 268 2414 Hoc
283 2355 368 2430 quod
382 2372 443 2419 nan
461 2355 602 2431 prohibet
615 2373 678 2418 vox
695 2364 754 2431 tua,
777 2362 882 2431 gratm
898 2368 962 2415 ero.

159 2439 331 2514 Dumque...
348 2441 432 2514 quod
447 2454 465 2499 ο
480 2438 665 2503 breve'sitt..
680 2442 780 2500 lumen
795 2440 898 2500 solare
911 2438 1033 2512 videbo,

202 2521 322 2584 Serviet
336 2523 440 2583 cilicio
455 2524 580 2599 spiritus
596 2525 654 2586 iste
667 2532 731 2585 tuo.

80 2650 149 2748 10·
160 2651 205 2751 Ut
220 2703 327 2749 sumus
344 2688 495 2764 inPonto,
517 2697 563 2750 ter
577 2689 691 2765 irigore
705 2689 839 2751 constitit
852 2689 964 2764 Hister,

201 2771 295 2832 Facta
308 2778 357 2832 est
369 2772 480 2834 Euxini
497 2774 573 2834 dura
588 2780 634 2833 ter
646 2775 730 2834 unda
744 2774 847 2832 maris.

160 2858 202 2914 At
214 2855 287 2916 milri
302 2856 363 2916 iam
376 2857 486 2917 videor
499 2859 598 2932 patria
612 2860 718 2933 procul
733 2873 804 2918 esse
818 2863 863 2917 tot
877 2855 975 2928 annis,

202 2939 346 3000 Dardana
360 2948 435 3014 quot
447 2941 538 3002 Graio
549 2941 639 3001 Troia
654 2941 712 3002 sub
727 2941 816 3002 hoste
831 2941 895 2999 luit.

134 3034 150 3085 5
164 3022 252 3083 Stare
267 3032 366 3099 putes,
388 3026 468 3085 adeo
481 3026 651 3100 procedunt
664 3033 804 3101 tempora
817 3024 912 3098 tarde,

203 3107 240 3166 Et
254 3108 374 3183 peragit
387 3110 477 3169 lentis
492 3108 638 3184 passibus
653 3125 751 3169 annus
766 3110 832 3168 iter.

163 3191 225 3251 Nec
240 3191 313 3251 milri
328 3192 491 3253 solstitium
508 3193 672 3269 quicquam
687 3194 727 3253 de
740 3193 883 3253 noctibus
902 3193 1010 3267 aufert,

203 3275 305 3335 Eiiicit
319 3284 468 3351 angustos
483 3291 541 3337 nec
555 3275 627 3336 mihi
641 3275 749 3336 bruma
763 3276 840 3337 dies.

165 3359 289 3420 Scilicet
304 3359 335 3418 in
350 3358 443 3420 rebus
457 3376 559 3420 rerum
574 3367 681 3421 natura
696 3368 808 3423 novata
823 3371 879 3437 est,

125 3454 158 3505 itt
210 3444 345 3519 Cumque
359 3446 435 3505 meis
451 3446 532 3505 curis
546 3445 648 3506 omnia
661 3445 848 3523 longefacit
