2318 3960
457 221 515 296 tv,
536 218 711 285 552-624.

92 379 146 436 teo
204 371 339 447 cognito.
371 374 527 433 commissi
543 375 678 448 praemia
693 382 798 452 raptor
815 375 916 438 habet.

159 456 201 516 At
214 471 315 531 neque
327 455 525 531 Persephone
541 458 633 532 digna
647 466 695 518 est
708 459 867 535 praedone
881 460 999 537 marito,

200 539 264 599 Nec
278 554 373 614 gener
385 539 446 600 hoc
460 539 549 601 nobis
564 556 649 602 more
663 543 819 618 parandus
835 551 909 604 erat.

160 623 239 698 Quid
253 623 378 698 gravius
392 623 507 684 victore
523 623 589 701 Gye
604 626 725 702 captiva
735 627 884 701 tulissem,

201 707 298 782 Quam
311 722 393 768 nunc
406 714 437 766 te
451 705 527 767 caeli
542 716 664 784 sceptra
681 715 802 770 tenente
816 710 891 771 tulit

88 800 144 856 595
156 793 274 852 Verum
290 790 414 866 impune
429 792 514 864 ierat,
537 808 595 850 nos
610 792 687 854 haec
703 794 852 869 patiemur
866 795 996 855 inultae=

197 874 333 948 Reddat,
355 880 386 934 et
399 875 540 936 emendet
555 875 635 936 iacta
649 877 754 951 priora
771 877 885 937 novis!

157 959 295 1034 Iuppiter
308 956 389 1017 hanc
403 957 491 1032 lenit,
510 958 685 1034 lectumque
700 967 828 1021 excusat
843 976 958 1035 amore,

199 1041 273 1102 ‘Nec
287 1056 385 1116 gener
399 1047 447 1102 est
462 1038 552 1100 nobis
566 1042 617 1103 ille
630 1042 807 1118 pudendus'
822 1044 872 1103 ait.

157 1121 238 1186 ‘Non
253 1140 311 1199 ego
326 1122 467 1186 nobilior.
496 1125 598 1200 posita
612 1134 661 1186 est
673 1125 746 1186 mihi
759 1127 845 1202 regia
865 1127 967 1188 caelo:

88 1219 144 1274 600
197 1207 341 1268 Possidet
355 1208 431 1268 alter
445 1225 559 1283 aquas,
575 1209 651 1269 alter
665 1210 756 1270 inane
769 1210 876 1270 chaos.

158 1291 222 1352 Sed
236 1293 264 1352 si
279 1291 357 1352 forte
370 1291 425 1352 tibi
439 1309 500 1353 non
515 1301 563 1355 est
577 1293 722 1355 mutabile
737 1300 854 1370 pectus,

199 1375 327 1450 Stetque
341 1377 436 1435 semel
450 1375 542 1436 iuncti
556 1392 697 1453 rumpere
711 1377 813 1438 vincla
826 1377 893 1450 tori,

156 1460 223 1520 Hoc
239 1475 364 1534 quoque
377 1465 571 1535 temptemus,
595 1460 746 1536 siquidem
757 1460 860 1521 ieiuna
873 1462 1028 1523 remansit

197 1540 229 1601 Si
244 1542 358 1615 minus,
378 1542 487 1602 inierni
502 1543 641 1618 coniugis
656 1559 736 1604 uxor
750 1545 828 1603 erit’

89 1635 143 1691 605
160 1628 285 1687 Tartara
298 1626 403 1687 iussus
418 1625 482 1685 adit
496 1627 627 1702 sumptis
642 1627 799 1687 caducifer
814 1627 881 1700 alis,

198 1709 323 1784 Speque
337 1709 416 1769 redit
430 1709 519 1770 citius
535 1710 664 1785 visaque
679 1718 762 1771 certa
776 1710 879 1771 refert.

157 1795 269 1873 ‘Rapta
283 1792 391 1853 tribus’
408 1792 484 1853 dixit
497 1793 604 1854 ‘solvit
620 1792 739 1854 ieiunia¹
748 1792 862 1869 granis,

197 1875 311 1936 Punica
325 1891 405 1951 quae
419 1876 500 1936 lento
515 1876 629 1936 cortice
643 1892 735 1952 poma
747 1881 876 1952 tegunt?

157 1960 246 2020 Haud
262 1975 353 2019 secus
368 1959 512 2032 indoluit,
535 1975 627 2034 quam
643 1960 670 2019 si
685 1960 777 2020 modo
793 1967 881 2036 rapta
897 1958 1013 2030 inisset,

91 2053 146 2108 61⁰
187 2043 320 2104 Maesta
333 2058 456 2118 parens.
486 2044 577 2117 longo
590 2042 707 2117 vixque
721 2043 836 2103 reiecta
850 2057 935 2101 mora
950 2051 1005 2102 est.

157 2128 260 2200 Atque
274 2127 315 2186 ita
332 2126 406 2186 ‘Nec
421 2125 511 2187 nobis
527 2126 645 2186 caelum
661 2133 709 2186 est
723 2125 899 2186 habitabile’
914 2125 1005 2185 dixit:

199 2210 358 2270 ‘Taenaria
370 2210 466 2284 recipi
480 2225 530 2269 me
545 2225 669 2284 quoque
684 2210 763 2268 valle
777 2207 871 2268 iube!

157 2294 195 2354 Et
210 2295 325 2354 iactura
340 2293 402 2354 fuit.
433 2300 539 2368 pactus
554 2293 613 2352 nisi
627 2292 763 2367 luppiter
775 2297 868 2363 esset,

199 2377 252 2437 Bis
267 2377 362 2437 tribus
377 2384 411 2438 ul
425 2379 510 2437 eaelo
524 2374 681 2436 mensibus
696 2375 747 2435 illa
761 2375 847 2450 sorel,

90 2470 144 2526 615
158 2461 232 2520 Turn
247 2461 368 2521 demum
383 2460 561 2535 voltumque
576 2460 668 2519 ceres
683 2459 877 2533 animumque
891 2458 1016 2535 recepit,

201 2544 412 2620 Imposuitque
425 2559 502 2603 suae
516 2544 623 2618 spicea
636 2548 719 2603 serta
734 2557 856 2603 comoe=

158 2629 318 2702 Largaque
332 2626 474 2703 provenit
487 2625 617 2686 cessatis
631 2626 743 2686 messis
758 2625 789 2685 in
805 2622 897 2698 arvis,

198 2711 236 2770 Et
250 2714 302 2771 vix
316 2716 481 2784 congestus
496 2725 569 2769 area
582 2708 665 2783 cepit
677 2724 766 2785 opes.

158 2796 237 2854 Alba
253 2795 363 2855 decent
377 2794 527 2854 Cererem.
554 2793 651 2852 vestIs
667 2790 834 2853 Cerialibus
850 2791 935 2850 albas

88 2888 142 2943 tito
195 2878 319 2939 Sumite.
347 2893 428 2937 nuno
443 2876 515 2952 pulli
532 2874 653 2935 velleris
668 2892 745 2936 usus
761 2874 858 2936 abest.

403 3010 452 3071 13.
476 3008 759 3068 GEID·chvnr

159 3127 294 3202 Occupat
306 3126 421 3202 Aprilis
436 3125 509 3185 Idus
525 3122 706 3198 cognomine
718 3123 826 3183 Victor

196 3209 341 3286 luppiter.
370 3211 428 3270 hac
443 3208 485 3269 illi
500 3213 571 3269 sunl
585 3206 656 3267 data
671 3207 784 3281 templa
798 3205 859 3265 die.

159 3294 222 3352 Hac
238 3309 369 3370 quoque,
385 3294 415 3352 ni
431 3293 527 3366 iallor,
544 3291 659 3367 populo
675 3287 855 3366 dignissima
868 3296 976 3354 nostro

198 3375 284 3436 Atria
298 3376 436 3438 Libertas
453 3375 554 3452 eoepit
568 3372 681 3434 habere
697 3389 762 3434 sua.

1019 226 1088 292 '285
