2212 3848
83 186 126 252 50
481 185 710 250 ritisrlltll

165 341 243 401 llum
257 346 355 399 tamen
372 345 553 413 abrumpet,
569 339 670 400 medio
686 339 881 403 defendimur
894 342 1007 405 Histra·

206 425 259 484 llle
275 423 339 484 suis
355 422 490 497 liquidus
506 422 589 485 bella
601 419 722 498 repellit
737 425 839 498 aquis.

164 509 205 568 At
220 524 288 568 curn
302 507 397 567 tristis
412 505 510 565 hiems
526 507 698 580 squalentia
713 508 841 582 protulit
855 525 919 584 ora,

118 603 153 655 ιο
204 593 359 666 Terraque
374 604 545 650 marmoreo
562 590 692 650 candida
708 591 789 652 facta
803 594 875 666 gelu
890 599 945 668 est,

167 677 246 735 Dum
260 680 342 733 vetat
357 680 387 733 et
402 673 512 734 boreas
528 678 558 732 et
571 672 624 732 nix
638 672 777 735 habitare
791 675 851 736 sub
865 677 969 750 Arcto,

206 760 280 820 Tum
297 759 400 832 liquet,
417 757 473 816 bas
489 763 596 832 gentes
613 773 671 817 axe
686 764 836 819 tremente
850 761 956 839 premi.

167 842 225 902 Nix
239 842 326 913 iacet
344 847 373 900 et
387 840 497 901 iactam
511 856 569 901 nec
584 842 631 902 sol
647 841 813 917 pluviasve
826 845 990 918 resolvunt,

208 925 334 986 indurat
347 924 459 985 boreas
474 932 718 1000 perpetuamque
733 925 815 986 facit.

116 1027 149 1080 15
164 1009 245 1086 Ergo
260 1009 312 1069 ubi
328 1008 452 1068 delicuit
465 1010 601 1070 nondum
620 1009 715 1084 prior,
731 1010 828 1070 altera
843 1011 937 1086 venit

206 1094 243 1155 Et
257 1095 337 1152 solet
350 1093 381 1151 in
395 1093 495 1153 multis
511 1094 592 1153 bima
606 1107 731 1153 manere
744 1093 834 1154 locis.

165 1179 322 1253 Tantaque
337 1177 479 1237 commoti
495 1176 541 1236 vis
557 1184 605 1237 est
618 1176 781 1252 aquilonis,
797 1184 831 1237 ut
845 1179 924 1238 altas

205 1265 329 1337 nequet
342 1261 434 1322 lrumc
451 1266 548 1320 turres
564 1267 707 1336 tectaque
720 1268 809 1336 rapta
824 1262 911 1322 ferat.

165 1346 298 1406 Pellibus
315 1352 345 1404 et
359 1345 436 1406 sutis
453 1350 558 1405 arcent
572 1346 651 1404 mala
666 1345 781 1420 frigora
795 1345 927 1421 braccis,

113 1445 149 1497 20
206 1429 328 1504 Oraque
343 1429 383 1488 de
397 1434 461 1489 toto
478 1444 611 1503 corpore
626 1429 694 1489 sola
707 1436 822 1503 patent.

166 1512 268 1586 Saepe
283 1518 394 1572 sonant
408 1512 479 1572 moti
495 1513 594 1587 glacie
608 1512 763 1587 pendente
779 1513 891 1589 capilli,

205 1595 243 1655 Et
256 1595 330 1654 nitet
345 1595 468 1656 inducto
485 1596 616 1656 candida
630 1596 725 1656 barba
738 1598 819 1671 gelu.
888 1619 891 1623 ·

164 1679 314 1754 Nudaque
330 1679 511 1753 consistunt,
527 1682 654 1741 formam
669 1681 825 1742 servantia
838 1687 949 1758 testae,-

206 1763 294 1838 Vina,
310 1778 368 1822 nec
381 1763 492 1823 hausta
505 1765 591 1839 meri,
609 1765 666 1825 sed
680 1764 752 1826 data
767 1765 866 1827 frusta
879 1764 992 1826 bibunt

112 1847 241 1923 ascum
255 1847 374 1922 loquar,
390 1853 423 1907 ut
439 1846 531 1907 vincti
547 1855 748 1910 concrescant
762 1849 877 1924 frigore
890 1849 956 1924 rivi,

208 1933 316 2010 Deque
330 1934 399 1993 lacu
414 1932 538 2008 fragiles
555 1931 739 1995 effodiantur
753 1941 875 2010 aquae?

164 2017 246 2092 lpse,
262 2017 440 2093 papyrifero
459 2017 510 2092 qui
526 2033 587 2077 non
603 2019 760 2091 angustior
774 2033 865 2078 amne

203 2098 349 2160 Miscetur
364 2107 452 2160 vasto
468 2102 561 2160 multa
575 2116 632 2175 per
647 2117 701 2160 cra
716 2101 802 2176 freto,

165 2183 329 2244 Caeruleos
344 2183 443 2243 ventis
460 2182 565 2245 latices
581 2184 768 2259 durantibus,
784 2185 886 2246 Hister

111 2271 147 2326 30
204 2267 349 2341 congelat
364 2274 394 2326 et
410 2267 498 2328 tectis
513 2266 543 2325 in
558 2285 641 2328 marc
656 2271 751 2344 serpit
765 2270 865 2344 aquis.

164 2352 292 2427 Quaque
307 2357 389 2411 rates
404 2351 510 2426 ierant,
527 2352 658 2426 pedibus
673 2369 755 2413 auno
769 2354 836 2427 itur,
855 2362 884 2413 et
899 2354 997 2415 undas

202 2436 330 2510 Frigore
347 2443 505 2497 concretas
521 2437 635 2510 ungula
650 2439 753 2512 pulsat
767 2437 854 2512 equi:

163 2521 283 2595 Perque
296 2535 397 2579 nouos
413 2526 524 2593 pontes
540 2520 645 2580 subter
660 2520 832 2582 labentibus
847 2522 940 2582 undis

204 2606 325 2664 Ducunt
339 2601 496 2663 Sarmatici
512 2601 642 2664 barbara
657 2607 795 2679 plaustra
809 2605 917 2666 boves.

110 2695 145 2750 35
161 2688 222 2748 Vix
237 2684 381 2763 equidem
397 2686 514 2747 credar.
539 2687 595 2748 sed
611 2704 679 2750 cum
695 2688 755 2749 sint
769 2690 906 2764 praemia
921 2689 990 2751 falsi

202 2773 298 2844 Nulla,
314 2778 411 2833 ratam
427 2771 517 2830 debet
530 2771 618 2832 testis
633 2773 748 2832 habere
763 2773 865 2832 fidem.

162 2858 303 2918 Vidimus
317 2857 470 2932 ingentem
485 2855 584 2929 glacie
602 2857 773 2918 consistere
787 2863 924 2932 pontum,

203 2941 396 3017 Lubricaque
410 2939 541 3000 inmotas
556 2947 634 3002 testa
649 2941 807 3018 premebat
822 2957 930 3017 aquas.

162 3025 224 3085 Nec
239 3026 355 3091 vidisse
376 3030 424 3085 sat
438 3032 493 3085 cst.
519 3023 627 3085 durum
645 3025 830 3086 calcavimus
846 3041 974 3102 aequor,

109 3117 147 3170 40
202 3109 354 3184 Undaque
369 3126 429 3171 non
446 3109 508 3170 udo
524 3109 583 3171 sub
598 3110 679 3185 pede
694 3126 813 3170 summa
827 3109 891 3170 fuit.

163 3190 196 3249 Si
210 3191 263 3250 tibi
278 3193 338 3251 tale
355 3195 465 3255 fretum
482 3195 644 3270 quondam,
659 3194 808 3271 Leandro,
825 3193 945 3266 fuisset,

200 3273 268 3332 Non
283 3274 361 3335 foret
376 3285 524 3351 angustae
539 3295 621 3340 mors
637 3286 688 3340 tua
704 3279 817 3341 crimen
832 3294 943 3358 aquae.

162 3358 237 3418 Tum
251 3371 353 3431 neque
368 3373 403 3417 se
418 3363 511 3433 pandi
527 3370 660 3437 possunt
674 3363 835 3440 delphines
850 3360 880 3424 in
896 3377 989 3425 auras

203 3441 331 3502 Tollere.
356 3449 502 3503 conantes
519 3445 595 3508 dura
610 3452 732 3510 coercet
745 3447 853 3511 hiems.
