2318 3960
454 252 482 294 v.
505 232 618 298 1-69.

152 387 319 463 lunataque
334 401 402 447 eum
415 387 488 448 luna
501 386 616 446 lumina
629 389 705 449 solis
721 395 821 452 arunte

10 540 13 548 ,
107 470 247 546 Parsque
261 469 370 530 eadem
385 469 461 532 caeli
476 469 631 546 zephyros
646 471 759 534 emittet
773 479 803 535 et
816 489 918 550 euros,

151 555 188 615 Et
201 553 323 630 tepidus
337 554 440 629 gelido
458 551 545 614 flabit
559 553 597 612 ab
614 570 672 614 axe
686 563 793 617 notus:

62 637 147 703 salit
160 653 241 699 nova
256 638 388 698 fraterno
403 637 505 698 veniet
519 639 685 699 concordia
700 640 791 716 inmo,

151 721 246 796 Quem
259 728 348 782 vetus
363 736 496 783 accensa
512 728 635 796 separat
649 723 694 782 ira
708 739 804 802 pyra:

107 807 145 866 Et
158 821 214 867 ver
228 812 380 879 autumno,
400 805 527 865 brumae
541 804 717 868 miscebitur
730 813 842 883 aestas,

149 891 253 965 Atque
268 889 378 949 eadem
391 888 477 964 regio
492 903 607 964 vesper
620 896 650 949 et
664 896 747 951 ortus
762 890 834 950 erit:

108 972 202 1047 Quam
218 971 291 1033 milri
306 972 347 1034 sit
360 980 459 1033 tecum
473 971 592 1048 positis,
616 988 696 1048 quae
711 974 908 1050 sumpsimus,
930 975 1023 1037 armis

62 1066 100 1120 40
154 1056 264 1132 Gratia,
286 1056 468 1130 commissis,
490 1055 638 1131 improbe,
659 1063 749 1131 rupta
763 1056 850 1118 tuisr

108 1139 202 1212 Quam
218 1139 308 1201 dolor
320 1139 370 1200 hio
384 1155 528 1214 umquam
543 1138 643 1214 spatio
659 1153 845 1201 evanescere
859 1142 969 1219 possit,

148 1222 255 1285 Leniat
269 1229 321 1285 aut
335 1223 439 1284 odium
453 1230 575 1297 tempus
590 1229 621 1281 et
635 1222 711 1282 hora
727 1238 838 1283 meum.

106 1305 170 1367 Pax
185 1306 332 1368 erithace
346 1304 448 1380 nobis,
468 1306 569 1367 donec
584 1305 657 1365 milri
672 1306 733 1366 vita
746 1306 888 1381 manebit,

150 1389 223 1452 cnm
235 1405 349 1468 pecore
363 1390 482 1451 infirmo
499 1404 579 1466 quae
593 1389 673 1450 solet
687 1403 758 1450 esse
772 1390 864 1465 lupis.

59 1474 208 1542 cerrima
222 1474 346 1552 quidem
362 1481 472 1550 coepto
488 1474 672 1535 committam
685 1473 803 1550 proelia
815 1487 925 1537 versu:

148 1559 215 1620 Non
230 1559 350 1620 soleant
364 1559 505 1635 quamvis
519 1558 579 1618 hoc
593 1558 674 1633 pede
687 1557 768 1618 bella
781 1558 856 1633 geri.

105 1643 207 1719 thue
221 1642 297 1718 petit
311 1642 408 1718 primo
424 1645 547 1718 plenum
560 1641 702 1702 flaventis
717 1656 830 1702 menae

148 1726 289 1787 Nondum
304 1726 424 1788 calfacti
439 1726 541 1787 militis
556 1725 646 1786 hasta
661 1726 776 1785 solumc

106 1809 158 1870 Sic
172 1824 230 1885 ego
245 1815 275 1868 te
289 1810 424 1870 nondum
439 1811 520 1869 ferro
535 1808 693 1869 iaculabor
707 1814 806 1880 acuto,

59 1906 98 1960 50
150 1892 290 1954 Protinus
305 1891 437 1953 invisum
451 1908 508 1953 nee
521 1898 603 1968 petet
617 1891 706 1952 hasta
720 1896 826 1965 eaput=

104 1978 257 2052 Etneque
271 1991 382 2036 nomen
398 1976 427 2035 in
442 1975 512 2048 hoc,
536 1990 593 2034 nec
608 1974 709 2036 dicam
723 1975 802 2034 iacta
815 1972 936 2036 libellos

146 2060 251 2135 Teque
265 2059 360 2132 brevi,
385 2059 436 2135 qul
451 2059 505 2131 sis,
529 2058 722 2118 dissimulare
736 2057 844 2116 sinam.

103 2143 280 2217 Postmodo,
302 2143 330 2202 si
346 2156 466 2218 perges,
489 2140 520 2201 iu
533 2147 564 2200 te
578 2141 650 2202 mihi
664 2138 741 2201 liber
754 2137 873 2200 iambus

145 2226 250 2285 Tincta
262 2224 437 2301 Lycambeo
454 2224 603 2300 sanguine
617 2225 677 2286 tela
694 2223 788 2286 dabit.

57 2310 199 2383 ssNunc,
222 2325 283 2385 quo
296 2308 452 2370 Battiades
465 2307 620 2369 inimicum
634 2309 767 2370 devovet
780 2305 856 2379 Ibin,

145 2393 213 2453 Hoc
227 2407 285 2466 ego
301 2393 441 2453 devoveo
456 2397 548 2467 teque
564 2398 696 2466 tuosque
709 2391 813 2452 modo.

102 2477 206 2551 thue
219 2475 279 2551 ille,
301 2475 437 2537 historiis
451 2474 605 2536 involvam
620 2474 753 2536 carmina
767 2471 885 2534 caecis=

145 2560 213 2619 Non
230 2559 348 2620 soleam
363 2559 504 2635 quamvis
518 2558 578 2620 hoc
592 2574 689 2634 genus
704 2559 773 2634 ipse
788 2555 886 2632 sequi.

102 2642 188 2704 illius
203 2642 349 2717 ambages
363 2642 495 2703 imitatus
510 2642 541 2702 in
555 2643 641 2703 ibide
656 2641 740 2702 dicar

57 2737 97 2792 σο
152 2725 270 2786 Oblitus
285 2726 379 2787 moris
395 2725 561 2801 iudiciique
575 2726 642 2786 mel.

101 2810 140 2870 lit
155 2809 308 2883 quoniam,
334 2808 386 2886 qui
402 2809 455 2884 sis,
480 2810 615 2871 nondum
632 2805 847 2884 quaerentibus
863 2805 932 2882 edo,

144 2892 241 2953 Ibidis
256 2892 371 2952 interea
384 2899 415 2952 tu
429 2908 554 2969 quoqne
568 2908 679 2953 nomen
693 2891 783 2951 habe.

101 2975 203 3052 thue
218 2975 278 3038 mci
292 2991 401 3036 versus
418 2976 604 3052 aliquantum
619 2976 719 3038 noetis
732 2973 895 3046 habebunt,

147 3057 199 3120 Sic
215 3060 295 3120 vitae
312 3060 409 3120 series
424 3066 488 3120 tota
503 3061 541 3122 sit
556 3066 621 3121 atra
635 3067 715 3119 tuae.

58 3152 94 3206 65
104 3142 188 3203 llaec
202 3143 256 3205 tibi
271 3143 363 3204 natali
378 3144 479 3218 tacito,
500 3144 625 3219 Ianique
638 3139 779 3204 kalendis

145 3225 212 3287 Non
225 3226 386 3288 mentituro
405 3227 530 3301 quilibet
545 3243 597 3287 ove
612 3227 702 3301 legat.

104 3309 141 3370 Di
153 3310 246 3371 maris
264 3315 294 3370 et
307 3316 415 3385 terrae,
439 3311 552 3386 quique
565 3311 613 3371 his
628 3310 755 3370 meliora
769 3309 879 3371 tenetis

145 3394 227 3454 Inter
242 3393 385 3456 diversos
401 3409 470 3456 cunr
484 3395 559 3455 love
574 3409 669 3470 regna
682 3395 782 3469 polos,

104 3476 179 3551 Huc,
207 3493 326 3554 precor,
346 3476 407 3539 hue
420 3484 539 3540 vestras
556 3493 662 3541 omnes
677 3476 823 3538 advertite
838 3483 967 3548 mentes,

63 3573 146 3619 ovio.
167 3560 218 3620 lll.
815 3564 831 3621 l
