2318 3960
484 156 741 221 abscondat

476 358 526 424 17.
555 360 739 422 umbre

180 478 279 538 Tertia
293 485 365 554 post
379 479 451 538 ldus
467 479 518 537 lux
533 484 581 538 est
595 476 791 538 celebenima
805 475 938 540 Baccho.

219 562 355 637 Bacche,
374 562 443 621 lave
458 561 535 636 vati,
552 563 623 622 dum
638 569 690 621 tua
705 561 783 620 lesta
799 576 886 623 cano.

117 655 169 711 715
184 645 246 705 Nec
264 646 394 705 releram
409 643 560 705 Semelen.
589 645 629 704 ad
645 643 810 720 quam‘nisi
824 644 949 706 fulmina
964 661 1072 708 securo

223 730 361 804 luppiter
376 728 524 803 adferret,
541 743 655 804 paruus
670 727 795 789 inermis
812 743 899 794 erasa

182 813 259 888 Nec,
278 828 355 888 puer
369 820 403 874 ut
416 827 529 888 posses
544 818 662 872 maturo
677 819 815 888 tempore
831 811 927 885 nasci,

220 896 384 970 Expletum
398 896 495 971 patrio
511 910 641 970 corpore
654 895 759 955 matris
774 911 862 973 opus.

182 975 326 1040 Sithonas
341 988 371 1040 et
385 978 549 1055 Scythicos
564 978 688 1054 longum
703 986 751 1039 est
764 994 889 1040 narrare
902 979 1084 1058 triumphos,

117 1069 169 1125 llo
223 1064 261 1124 Et
275 1065 406 1146 domitas
422 1069 544 1138 gentes,
560 1063 666 1123 turifer
680 1061 771 1139 Inde,
785 1068 864 1123 tuas.

181 1147 225 1209 Tu
241 1162 366 1224 quoque
380 1145 542 1207 Thebanae
555 1148 636 1206 mala
650 1147 767 1221 praeda
779 1145 922 1207 tacebere
935 1148 1050 1220 matris,

220 1232 317 1306 Inque
331 1238 415 1292 tuum
431 1226 518 1289 iuriis‘
532 1237 613 1301 acte,
630 1230 786 1306 Lycurge,
802 1245 892 1305 genu.

179 1315 261 1374 Ecce
275 1315 350 1374 libet
362 1310 482 1375 subitos
498 1314 601 1389 pisces
615 1313 835 1389 Tyrrhenaque
850 1320 987 1374 monstra

220 1398 339 1458 Dicere.
369 1398 426 1458 sed
440 1413 502 1458 nun
517 1404 564 1458 est
578 1394 721 1457 carminis
735 1396 827 1458 huius
842 1413 931 1474 opus.

116 1492 167 1548 725
184 1481 330 1542 Carminis
345 1481 436 1541 huius
451 1497 531 1556 opus
546 1497 657 1541 causas
672 1495 870 1556 expromere,
886 1495 982 1556 quare

221 1566 299 1625 Vilis
315 1580 392 1624 anus
409 1565 543 1640 populos
558 1565 599 1625 ad
610 1581 668 1624 sua
682 1563 744 1623 liba
759 1573 858 1625 vocet

180 1654 261 1710 Ante
275 1655 345 1708 tuos
360 1655 444 1708 onus
460 1663 533 1707 arae
547 1649 614 1707 sine
628 1648 747 1730 honore
762 1649 904 1727 luerunt·

222 1731 327 1804 Liber,
344 1739 374 1792 at
387 1733 418 1791 in
433 1731 543 1806 gelidis
557 1731 654 1791 herba
667 1738 789 1807 reperta
804 1730 892 1792 locis.

180 1817 221 1875 Te
236 1822 405 1876 memorant
420 1814 525 1890 Gange
540 1821 667 1890 totoque
682 1813 799 1876 oriente
813 1814 941 1876 subacto

114 1916 166 1972 730
203 1972 205 1976 Α
222 1899 371 1960 Primitiae
387 1913 499 1973 magno
514 1898 697 1974 seposuisse
710 1899 785 1958 Iovi.

181 1983 327 2043 Cinnama
341 1990 374 2043 tu
388 1985 504 2058 primus
521 1983 704 2058 captivaque
718 1989 786 2042 tura
800 1981 921 2054 dedisti,

220 2068 327 2144 Deque
343 2066 526 2142 triumphato
541 2067 663 2126 viscera
677 2072 759 2126 tosta
771 2065 863 2126 bove.

179 2150 307 2211 Nomine
324 2149 363 2210 ab
379 2149 514 2212 auctoris
530 2150 645 2210 ducunt
658 2148 802 2210 libamina
815 2163 927 2209 nomen

219 2233 372 2308 Libaque,
389 2233 474 2309 quod
489 2234 586 2294 sacris
601 2249 675 2309 pars
689 2233 779 2294 datur
791 2232 864 2293 inde
877 2232 965 2294 locis.

116 2327 167 2384 735
183 2317 258 2377 liba
272 2318 332 2378 deo
347 2317 435 2392 fiunt,
451 2317 535 2376 sucis
553 2317 625 2390 quia
639 2316 780 2377 dulcibus
792 2315 874 2390 idem

128 2397 130 2400 ’
224 2397 357 2473 Gaudet,
374 2407 404 2459 et
417 2415 437 2460 a
449 2399 573 2462 Baccho
589 2399 680 2459 mella
693 2406 816 2477 reperta
830 2400 939 2460 lerunt.
1001 2442 1005 2447 -

180 2483 246 2544 Ibat
261 2482 416 2544 harenoso
433 2484 547 2559 satyris
562 2484 723 2545 comitatus
738 2484 777 2544 ab
790 2481 925 2557 Hebra..

221 2567 288 2627 Non
303 2566 395 2628 habet
410 2568 546 2642 ingratos
562 2567 665 2628 sabula
678 2573 785 2629 nostra
798 2566 917 2627 iocus...

180 2653 306 2726 lamque
323 2657 387 2711 erat
398 2652 437 2712 ad
449 2651 622 2728 Rhodopen
633 2651 836 2727 Pangaeaque
847 2649 959 2710 florida
973 2650 1112 2714 rentum·

115 2751 167 2808 740
222 2735 381 2795 aeriferae
395 2735 538 2796 comitum
554 2750 762 2810 concrepuere
779 2750 897 2795 manus.

180 2819 261 2878 Ecce
280 2834 380 2879 nuvae
395 2825 506 2879 coeunt
520 2820 663 2879 volucres
676 2817 833 2879 tinnitibus
847 2824 943 2894 actae,

223 2902 370 2976 Quosque
384 2908 510 2962 movent
524 2903 644 2963 sonitus
659 2917 747 2978 aera,
767 2907 937 2977 sequuntur
954 2917 1041 2978 apes.

181 2985 301 3061 colligit
315 2994 451 3047 errantes
466 2986 540 3046 etin
555 2985 665 3046 arbore
681 2985 794 3046 claudit
808 2985 890 3045 inani

219 3069 324 3142 Liber,
340 3077 370 3131 et
384 3070 499 3131 inventi
519 3069 654 3145 praemia
667 3069 766 3129 mellis
781 3066 883 3129 habet.

111 3162 167 3220 xtto
182 3153 221 3213 Ut
237 3153 330 3230 satyri
347 3154 487 3227 levisque
501 3169 598 3214 senex
612 3154 739 3230 tetigere
754 3168 906 3228 saporem,

222 3236 414 3310 Quaerebant
427 3235 528 3297 flavos
543 3253 599 3313 per
612 3253 720 3298 nemus
736 3251 825 3298 omno
840 3237 939 3296 lavos.

184 3320 280 3380 Audit
293 3320 324 3381 in
338 3335 434 3381 exesa
449 3321 611 3381 stridorem
628 3321 776 3396 examinis
795 3320 887 3395 ulmo,

224 3402 344 3480 Aspicit
358 3410 388 3465 et
403 3419 491 3464 ceras
508 3404 740 3482 dissimulatque
754 3418 867 3464 senex=
