2318 3960
96 232 138 293 42
494 221 717 285 ratsrtbnt

181 380 319 455 Aspicis,
334 385 366 439 ut
381 391 498 437 summa
514 383 618 434 cortex
631 374 708 434 levis
721 373 833 434 innatet
847 373 941 443 unda.

221 463 294 523 Cum
309 477 402 538 grave
416 476 497 520 nexa
511 460 600 518 simul
614 457 689 518 retia
702 465 819 533 mergat
833 470 922 518 onus.

176 549 259 607 Haec
274 561 332 621 ego
350 546 376 605 si
391 541 520 604 monitor
534 541 664 601 monitus
680 541 765 614 prius
780 540 848 617 ipse
863 540 1003 615 fuissem,

216 632 248 689 ln
265 645 325 704 qua
341 627 488 688 debebam
502 626 629 686 forsitan
643 624 725 685 Urbe
739 625 845 684 iorem.

132 726 163 776 15
178 716 256 776 Dum
270 719 370 773 tecum
383 710 456 783 vixi,
473 711 544 771 dum
559 722 607 768 me
622 709 697 768 levis
713 722 787 768 aura
801 708 927 782 ferebat,

213 797 297 855 Haec
311 809 379 853 mea
394 809 449 869 per
463 793 600 868 placidas
617 791 725 851 cumba
740 791 872 852 cucurrit
887 808 999 867 aquas

181 881 236 954 Qui
252 879 332 938 eadit
346 878 375 937 in
391 879 513 952 plano,..
525 876 578 936 vix
593 875 651 936 hoc
666 882 765 934 tamen
781 875 882 935 evenit
896 875 1031 951 ipsum...

221 963 272 1023 Sic
289 961 377 1035 cadit,
392 967 518 1021 attacta
533 972 659 1034 surgere
674 957 773 1032 possit
787 957 889 1018 humo.

180 1050 219 1104 At
234 1045 325 1104 miser
339 1045 473 1119 Elpenor
488 1049 567 1103 tecto
583 1043 729 1116 delapsus
745 1042 782 1102 ab
798 1043 858 1102 alto

129 1140 164 1190 ao
220 1129 357 1189 Occurrit
371 1128 435 1202 regi
450 1127 559 1187 debilis
574 1125 681 1185 umbra
696 1141 762 1186 suo.

179 1213 255 1286 Quid
270 1210 333 1285 luit
351 1219 383 1271 ut
398 1216 477 1273 tutas
493 1210 620 1285 agitaret
633 1208 789 1269 Daedalus
804 1210 878 1282 alas,

218 1297 321 1355 icarus
338 1296 492 1354 inmensas
507 1294 629 1353 nomine
643 1293 743 1368 signet
759 1298 878 1366 aquas?

178 1379 292 1453 Nempe
309 1379 390 1454 qood
405 1377 455 1437 hic
470 1379 537 1450 alte,
554 1375 718 1436 demissius
733 1376 783 1435 ille
799 1374 930 1436 volabat.

217 1462 291 1520 Nam
307 1477 424 1537 pennas
439 1461 528 1520 ambo
544 1477 604 1520 non
619 1459 754 1520 habuere
768 1474 852 1519 suas.

128 1555 162 1606 aa
178 1545 273 1604 Crede
287 1543 368 1618 mihi,
383 1544 461 1604 bene
476 1543 527 1618 qui
541 1544 626 1604 latuit
640 1543 719 1602 bene
732 1542 816 1617 vixit,
832 1549 862 1602 et
876 1542 955 1603 intra

217 1629 381 1687 Fortunam
397 1626 487 1687 debet
502 1625 633 1701 quisque
647 1641 771 1686 manere
785 1640 882 1686 suam.

177 1712 243 1772 Non
258 1710 336 1770 roret
349 1709 501 1770 Eumedes
516 1710 619 1784 orbus,
635 1709 661 1769 si
676 1708 756 1769 filius
772 1709 838 1770 eius

220 1792 335 1854 Stultus
350 1792 505 1854 AchiNeos
521 1809 582 1853 non
598 1793 772 1853 adamasset
786 1808 900 1868 equos:

177 1879 240 1936 Nec
255 1883 356 1937 natum
370 1877 401 1936 ln
416 1876 538 1938 flamma
551 1877 689 1950 vidisset
704 1877 734 1936 in
751 1875 860 1937 arbore
874 1881 972 1952 nataS,

128 1969 162 2023 30
217 1959 356 2036 cepisset
369 1961 489 2035 genitor
503 1961 529 2021 si
544 1959 739 2034 Phaethonta,
753 1959 889 2036 Merops.

176 2046 221 2104 Tu
236 2059 361 2119 quoque
376 2045 505 2105 formida
519 2042 642 2104 nimium
656 2043 795 2106 sublimia
810 2058 941 2120 semper,

217 2126 440 2202 Propositique‚
458 2140 577 2202 precor,
594 2127 739 2187 contrahe
752 2128 821 2187 vela
834 2128 887 2188 tui.

177 2210 250 2270 Nam
265 2211 345 2285 pede
359 2209 511 2270 inoffenso
528 2210 659 2285 spatium
674 2211 836 2270 decurrere
850 2211 932 2272 vitoe

217 2293 332 2367 dignus
348 2307 382 2352 es
398 2299 428 2353 et
443 2294 503 2353 iato
520 2293 695 2354 candidiore
710 2292 778 2354 liui.

126 2374 160 2438 35
176 2376 258 2450 Quae
274 2390 329 2451 pro
345 2383 375 2434 te
390 2383 422 2436 ut
435 2392 573 2451 voveam,
588 2377 651 2436 miti
667 2377 777 2451 pietate
792 2378 917 2438 mereris

216 2460 417 2533 Haesuraque
432 2459 493 2519 lide
507 2467 627 2535 tempus
641 2461 671 2520 in
687 2461 869 2522 omnemibi.

175 2541 247 2600 Vidi
261 2556 318 2616 ego
334 2547 363 2600 te
377 2543 428 2602 tali
444 2544 527 2603 vultu
541 2558 608 2603 mea
622 2542 683 2604 lala
696 2549 875 2618 gementem,

217 2623 340 2698 Qualem
356 2625 500 2685 credibile
515 2632 562 2687 esl
576 2642 628 2686 ore
643 2628 739 2686 luisse
753 2642 832 2688 meo.

175 2708 284 2768 Nostra
298 2714 366 2767 tuas
382 2708 444 2767 vidi
459 2711 598 2770 lacrimas
613 2725 708 2785 super
722 2725 777 2769 ora
791 2711 945 2784 cadentes,

126 2795 161 2847 40
214 2792 364 2864 Tempore
380 2807 457 2866 quas
472 2808 533 2852 uno
549 2793 672 2868 fidaque
685 2793 781 2854 verba
794 2793 866 2853 bibi.

175 2875 259 2934 Nunc
275 2890 398 2949 quoque
413 2884 594 2938 summotum
609 2877 710 2937 studio
725 2876 866 2937 delendis
881 2877 1021 2954 amimea,

213 2957 250 3017 ut
264 2958 344 3017 mala
357 2959 410 3018 vix
424 2960 486 3020 ulla
501 2967 587 3036 parte
601 2961 732 3020 levanda
745 2961 841 3020 levas.

173 3042 253 3099 Vive
267 3040 333 3101 sine
348 3042 470 3115 invidia,
486 3044 658 3119 mollesque
671 3043 820 3118 inglorius
836 3059 935 3104 annos

214 3123 318 3199 Exige,
335 3127 480 3186 amicitias
496 3135 526 3188 et
539 3127 592 3188 tibi
607 3127 699 3202 iunge
713 3143 814 3202 pares,

122 3213 156 3267 45
170 3207 365 3284 Nasonisque
379 3210 431 3284 tui,
448 3211 531 3286 quod
548 3210 647 3271 adhuc
664 3227 725 3271 non
741 3213 845 3272 exulat
857 3226 962 3284 unum

211 3290 327 3352 Nomen
343 3308 425 3353 ama:
450 3293 612 3372 Scythicus
627 3301 727 3354 cetera
741 3293 855 3356 Pontus
870 3293 971 3356 habet

170 3373 310 3434 Proxima
324 3374 476 3436 sideribus
491 3378 582 3438 tellus
595 3377 833 3455 Erymanthidos
847 3391 943 3439 ursas

210 3455 258 3515 llie
273 3465 362 3530 tenet,
382 3458 526 3519 adstricto
542 3465 621 3519 terra
636 3467 760 3536 perusta
775 3461 855 3535 gelu.
