2318 3960
375 205 431 278 ¹v,
454 202 509 276 10,
535 199 662 281 to-v,
684 203 719 282 1,
741 206 771 268 o.

196 356 353 419 Occultum
369 355 475 415 stellae
491 355 752 432 conspicuumque
766 361 880 434 polum.

151 443 244 502 'iacta
263 439 336 499 mihi
353 437 476 498 tandem
489 438 590 514 longis
605 441 759 502 erroribus
773 450 843 504 acto

87 535 140 588 tto
193 525 297 584 Iuncta
314 522 496 599 pharetratis
511 520 658 584 Sarmatis
673 540 728 584 ora
747 527 840 587 Getis.

153 610 210 668 ilic
227 623 285 684 ego
301 606 437 667 finitimis
453 606 592 680 quamvis
608 607 818 670 circumsoner
832 611 934 685 annis,

193 690 316 766 Tristia,
334 706 395 766 quo
411 705 554 766 possum,
570 691 705 752 carmine
719 693 780 754 lata
793 693 875 756 levo.

153 775 241 849 Quod
256 774 395 852 quamvis
410 788 500 834 nemo
516 780 578 849 est,
595 775 682 837 cuius
699 777 850 841 releratur
863 777 902 836 ad
918 794 1017 851 aurea,

195 859 247 920 Sic
260 865 361 920 tamen
379 856 508 919 absumo
525 857 710 934 decipioque
724 859 814 921 diem.

88 951 139 1006 115
151 943 232 1018 Ergo
249 943 332 1017 quod
351 943 438 1013 vivo,
461 941 608 1017 durisque
621 941 780 1005 laboribus
796 943 895 1021 obsto,

193 1027 256 1086 Nec
274 1042 323 1086 me
338 1025 488 1087 sollicitae
501 1025 604 1086 taedia
616 1026 694 1087 lucis
708 1026 830 1103 habent,

154 1111 270 1183 Gratia,
284 1109 390 1182 Musa,
406 1108 470 1168 tibi.
505 1126 576 1170 nam
590 1116 623 1170 tu
636 1111 753 1172 solacia
768 1111 908 1186 praebes,

194 1195 240 1254 Tu
254 1209 345 1254 curae
358 1193 499 1268 requies,
516 1200 550 1254 tu
563 1193 714 1253 medicina
731 1195 828 1254 venis.

153 1279 197 1337 Tu
212 1278 276 1340 dux
289 1284 321 1338 et
336 1292 440 1337 comes
457 1292 502 1337 cs.
538 1284 569 1337 tu
584 1292 642 1336 nos
656 1277 786 1338 abducis
800 1277 839 1337 ab
853 1275 967 1354 Histro,

89 1371 143 1422 120
195 1361 229 1420 ln
246 1361 411 1435 medioque
426 1359 498 1419 milri
514 1360 571 1422 das
587 1360 734 1420 Helicone
754 1362 865 1422 locum.

153 1446 197 1504 Tu
211 1445 298 1519 mibi,
316 1445 400 1520 quod
412 1460 514 1504 rarum
532 1451 593 1519 est,
611 1445 682 1506 vivo
698 1445 954 1507 sublimededisti
1117 1460 1135 1491 ·

195 1523 329 1605 Nomen,
343 1529 383 1589 ab
398 1528 539 1602 exequiis
554 1529 638 1603 quod
656 1528 730 1589 dare
745 1530 827 1589 lama
840 1530 929 1590 solet.

155 1612 217 1672 Nec
231 1612 282 1688 qui
297 1612 444 1673 detrectat
458 1613 646 1687 praesentia,
665 1611 759 1671 Livor
772 1613 878 1687 iniquo
954 1677 957 1686 ,

196 1695 296 1756 Ullum
311 1696 351 1766 dc
364 1695 479 1756 nostris
495 1696 585 1756 dente
599 1695 764 1757 momordit
778 1712 867 1773 opus.

93 1790 141 1842 115
153 1780 228 1838 Nam
242 1779 364 1840 tulerint
377 1794 506 1854 magnos
521 1795 589 1840 curn
603 1780 728 1840 saecula
742 1789 848 1842 nostra
861 1787 981 1856 poetas,

196 1863 264 1923 Non
280 1864 335 1924 luit
349 1863 472 1938 ingenio
487 1863 569 1923 tama
582 1862 715 1939 maligna
728 1878 808 1925 meo.

157 1946 293 2021 Cumque
308 1963 366 2022 ego
387 1962 577 2023 praeponam
595 1947 708 2008 multos
723 1947 809 2021 mibi,
829 1962 890 2007 non
905 1947 1004 2008 minor
1023 1945 1080 2007 illis

194 2026 288 2090 Dicor
302 2030 376 2091 etin
390 2037 457 2091 toto
471 2028 622 2111 plurimus
638 2029 714 2089 orbe
729 2030 825 2103 legor.

153 2111 186 2174 Si
203 2113 278 2187 quid
294 2113 410 2174 babent
424 2112 518 2189 igitur
532 2119 637 2172 vatum
653 2110 814 2187 praesagia
830 2109 905 2183 veri,

91 2203 140 2256 tao
192 2197 337 2258 Protinus
352 2205 386 2258 ut
400 2195 529 2269 moriar,
549 2205 611 2257 non
627 2211 696 2269 ero,
712 2201 809 2263 terra,
827 2203 909 2256 tuus.

153 2279 225 2340 Sive
240 2281 348 2341 latiore
365 2280 435 2347 tuli,
454 2280 523 2343 sive
537 2279 616 2340 hane
632 2294 689 2358 ego
706 2277 841 2340 carmine
856 2280 968 2343 lamam

193 2364 280 2434 lure,
296 2364 350 2425 tibi
365 2371 487 2440 grates,
504 2364 635 2425 candide
649 2367 761 2436 lector,
779 2379 848 2439 ago.

470 2530 684 2541 ...-.-.----—

363 2641 510 2723 ntulit
551 2635 784 2728 tollitis·

86 2768 127 2860 1·
149 2765 240 2860 illino
256 2811 380 2874 quoque
394 2795 434 2855 de
449 2795 570 2867 Getico,
585 2789 682 2850 nostri
697 2786 850 2860 studiose,
867 2783 1001 2845 libellum

197 2884 300 2944 Litore
313 2879 495 2957 praemissis
511 2881 655 2953 quattuor
668 2873 749 2932 adde
762 2868 849 2931 meis.

156 2969 213 3028 Hic
228 2980 353 3042 quoque
372 2964 442 3024 talis
457 2962 529 3035 erit,
545 2959 644 3035 qualis
659 2957 781 3017 fortuna
794 2955 920 3030 poetae·

198 3049 341 3111 invenies
356 3053 421 3109 toto
438 3045 572 3106 carmine
587 3043 676 3102 dulce
690 3038 775 3098 nihil.

125 3147 141 3198 5
155 3134 280 3196 Flebilis
294 3140 329 3195 ut
342 3138 448 3192 noster
462 3135 559 3190 status
575 3132 637 3198 est,
652 3125 694 3183 ita
705 3119 808 3181 flebile
828 3130 960 3192 carmen,

197 3218 343 3279 Materiae
359 3215 474 3291 scripto
496 3209 697 3273 conveniente
712 3220 798 3265 suae.

157 3304 278 3377 Integer
293 3307 325 3362 et
337 3301 435 3360 taetus
454 3299 533 3358 laeta
549 3302 579 3356 et
590 3289 735 3353 iuvenilia
751 3288 826 3349 lusi:

198 3386 255 3446 Illa
268 3392 369 3444 tamen
384 3396 465 3442 nunc
479 3396 529 3439 me
540 3372 756 3452 composuisse
770 3371 863 3449 piget.

157 3470 196 3532 Ut
215 3468 328 3543 cecidi,
344 3467 436 3527 subiti
450 3479 566 3542 perago
586 3457 752 3537 praeconia
767 3469 868 3528 casus,
