2318 3960
401 241 446 308 V,
468 237 496 312 3,
516 238 616 314 1-4,
636 239 686 301 lu.

163 393 266 466 Assit,
282 399 313 453 et
327 393 454 454 attonito
469 407 531 451 non
545 399 669 452 mceare
683 407 778 452 eonor

122 479 203 539 Ossa
216 475 399 552 bipenniferi
414 477 460 536 sic
475 475 537 536 sint
551 478 630 535 male
645 490 756 552 pressa
769 475 912 555 Lycurgi,

72 583 107 633 40
163 560 260 636 Impia
274 575 331 620 neo
345 576 448 637 poena
461 558 614 621 Pentheos
628 559 737 620 umbra
755 567 853 620 vacet.
932 572 933 576 ’

124 645 176 706 Sic
191 643 282 704 micet
295 651 452 706 aeternum
466 643 629 719 vicinaque
644 643 747 705 sidero
762 643 863 705 vincat

166 728 312 804 Coniugis
326 727 358 788 in
373 729 460 790 caelo
477 728 589 789 cressa
604 742 720 788 corona
732 732 823 791 tuae=

122 815 191 872 Huc
207 811 285 892 ades
299 819 330 872 et
345 828 437 873 casus
451 813 588 888 releves,
604 811 823 886 pulcherrime,
839 821 972 887 nostros,

164 897 264 957 Unum
280 897 319 955 de
332 912 461 958 numero
476 911 525 955 me
540 910 743 957 memorasse
758 901 828 956 tuot

72 996 107 1046 45
124 980 201 1040 Sunt
215 980 263 1040 dis
279 979 357 1041 iuter
370 979 613 1042 se-commercia.
649 979 775 1041 *flectere
788 986 903 1061 tempta

166 1066 348 1124 Caesareum
363 1080 476 1125 numen
492 1064 635 1136 numine,‘
645 1063 787 1136 Bacche,
799 1071 866 1124 tuot

125 1151 191 1208 Vos
207 1163 346 1223 quoque,
364 1155 527 1210 consortes
539 1146 650 1221 studii,
673 1149 724 1222 pia
738 1146 841 1220 turba,
858 1157 975 1225 poetae,

163 1233 247 1292 Haec
263 1233 372 1293 eadem
387 1241 511 1310 sumpto
527 1232 661 1308 quisque
673 1238 779 1308 rogate
793 1240 894 1292 mero!

123 1318 225 1392 Atque
240 1317 351 1392 aliquis
366 1324 518 1389 vestrum,
534 1316 668 1377 Nasonis
682 1315 804 1376 nomine
819 1314 909 1391 dicto,

73 1411 109 1461 50
163 1402 304 1475 Deponat
317 1400 450 1461 lacrimis
466 1401 579 1477 poeula
593 1401 687 1459 mixta
700 1401 775 1470 suis,
838 1414 841 1430 ¹

122 1484 368 1559 Admonitusque
382 1485 457 1558 mei,
473 1501 542 1546 cum
557 1483 808 1560 circumspexerit
824 1499 940 1554 omnes,

162 1568 249 1628 Dicat
263 1567 333 1629 ‘Ubi
348 1576 397 1629 est
410 1570 507 1629 nostri
522 1584 596 1644 pars
611 1568 704 1629 modo
718 1569 802 1628 Naso
818 1567 935 1629 chorit‘

123 1652 220 1725 quue
235 1653 290 1727 ita,
307 1653 334 1713 si
348 1659 485 1714 vestrum
498 1654 595 1714 merui
609 1652 744 1713 candore
759 1654 904 1732 latorem,

164 1736 313 1811 Nullaque
327 1735 443 1798 iudicio
456 1738 554 1798 littera
568 1738 655 1797 laesa
668 1751 737 1797 meo
752 1741 816 1798 ast:

71 1826 106 1877 55
122 1819 154 1879 Si
171 1827 306 1880 veterum
322 1820 414 1895 digne
428 1836 560 1881 veneror
575 1837 645 1882 cum
658 1819 774 1896 scriptu
787 1820 931 1896 virorum,

160 1903 302 1964 Proxima
317 1920 379 1964 non
395 1905 454 1966 illis
469 1921 541 1966 esse
555 1905 673 1965 minora
686 1920 765 1965 reor.

118 1984 169 2046 Sic
184 1988 274 2063 igitur
288 1989 396 2048 dextro
412 1989 530 2051 iacietis
544 1988 689 2066 Apolline
702 2003 835 2061 carmen,

163 2071 251 2144 Quod
265 2072 350 2146 licet,
365 2073 443 2132 inter
459 2078 520 2135 vos
531 2087 641 2135 nomen
656 2070 767 2132 habete
780 2078 896 2130 meum!

71 2204 101 2302 l·
125 2205 233 2301 [litore
247 2240 285 2301 ab
300 2241 420 2302 Euxino
436 2241 569 2305 Nasonis
584 2240 717 2316 epistola
731 2241 810 2312 veni,

162 2325 323 2399 Lassaque
338 2327 418 2385 laeta
433 2325 507 2384 mmi
522 2327 668 2399 lassaque
682 2325 763 2383 lactc
779 2325 836 2397 via,

121 2409 176 2482 Qui
192 2408 265 2468 mihi
279 2408 359 2470 flens
375 2410 451 2469 dixit
465 2411 535 2482 Ἧι,
553 2408 701 2483 ouillum,
717 2409 824 2484 aspice
837 2407 981 2470 Romam!

161 2493 228 2551 Heu
243 2501 357 2569 quanto
372 2494 481 2554 melior
494 2508 564 2553 sors
578 2499 630 2554 tua
644 2498 727 2553 sorte
733 2508 809 2552 -mea
824 2499 872 2554 est
878 2497 898 2551 ι’

87 2577 212 2637 sFlens
228 2591 353 2653 quoque
368 2594 417 2659 me
431 2577 564 2652 scripsit.
586 2592 643 2636 nec
655 2592 716 2651 qua
727 2574 880 2651 signabar,
897 2578 937 2637 ad
952 2594 988 2638 os
1004 2591 1055 2636 esr-

159 2664 254 2735 Ante,
270 2661 328 2722 sed
341 2661 382 2721 ad
397 2660 537 2720 madidas
552 2675 672 2734 gemma
686 2660 782 2720 relata
795 2674 901 2734 genas.

117 2744 269 2805 Tristities
284 2761 408 2807 eausam
423 2744 522 2818 siquis
538 2759 727 2820 cognoscere
743 2744 868 2820 quaerit

163 2826 290 2888 Ostendi
305 2830 403 2891 solem
417 2829 555 2904 postulat
568 2828 619 2888 ille
633 2828 702 2903 sibi,

118 2913 181 2971 Nec
202 2912 341 2973 frondem
356 2913 387 2972 in
402 2913 506 2985 silvis,
525 2927 581 2971 nec
596 2917 703 2988 aperto
718 2912 821 2973 mollia
835 2916 923 2986 prato

71 3010 103 3060 ιο
161 2996 318 3070 Gramina,
335 3012 393 3058 nec
407 2999 499 3073 pleno
518 2996 643 3056 flumine
658 2997 754 3056 cernit
769 3010 883 3071 uquasr

120 3079 197 3153 Quid
213 3078 349 3140 Priamus
366 3081 481 3152 doleat,
497 3078 669 3152 mirabitur,
685 3079 817 3140 Hectore
829 3085 928 3154 rapto,

163 3163 282 3236 Quidve
295 3164 477 3224 Philoctetes
493 3164 570 3223 ictus
586 3161 624 3222 ab
639 3178 739 3237 angue
753 3167 862 3238 gemat.

120 3249 156 3306 Di
173 3249 309 3308 lacerent
322 3250 448 3322 utinam,
463 3248 532 3307 talis
549 3253 646 3307 status
662 3254 746 3306 esset
759 3247 790 3305 in
805 3246 867 3320 illu,

159 3331 199 3391 Ut
213 3330 285 3391 mihi
300 3332 437 3393 tristitiae
451 3345 546 3391 causa
562 3330 703 3390 docenda
718 3331 804 3392 toret.
851 3404 858 3416 ι

71 3425 103 3476 rs
118 3415 190 3474 Fert
204 3421 320 3490 tamen,
336 3424 369 3476 ut
383 3414 488 3487 debet,
505 3429 598 3475 casus
613 3414 763 3490 patienter
776 3429 908 3488 amaros,

156 3498 243 3558 More
262 3514 318 3559 neo
337 3498 473 3560 indomiti
490 3499 575 3560 irena
589 3505 711 3561 recusat
725 3499 806 3575 equi.

73 3599 158 3640 ovrn.
181 3582 232 3640 111.
822 3586 840 3639 6
