2318 3960
114 186 176 269 aaa
373 128 379 142 .
494 183 749 246 russonum
1136 39 1152 414 1

132 348 185 402 616
243 337 399 413 squalenti
414 337 493 398 Dido
513 336 747 412 sanguinulenta
763 351 851 397 coma

196 423 233 482 Et
248 422 356 497 ‘Fuge
377 438 415 481 ne
430 420 548 495 dubita,
570 427 735 494 maestum,
757 421 842 496 iuge’
861 422 965 484 dicere
979 428 1151 560 ‘tectum’t

239 505 301 567 Sub
318 506 444 566 verbum
460 507 604 580 querulas
621 503 729 580 inpulit
742 521 817 564 aura
832 505 926 566 i.ores

195 590 301 666 Exilit,
316 598 345 650 et
362 589 454 648 velox
468 587 573 648 humili
587 604 683 664 super
696 605 775 648 arva
786 588 922 650 fenestra

239 673 302 734 Se
294 673 374 734 iacit.
404 672 553 733 audacem
567 671 704 732 i‘ecerat
695 688 764 748 rpse
778 671 877 733 timor.

130 765 181 821 645
198 757 324 833 Quaque
338 763 421 817 metu
434 756 566 831 rapitur,
582 755 685 816 tunica
699 755 800 818 velata
814 756 952 820 recincta

239 841 352 912 Currit,
367 846 401 900 ut
415 839 527 900 auditis
543 839 646 899 territa
661 839 782 901 damma
796 839 889 916 lupis.

196 925 342 999 Corniger
356 925 435 984 hane
450 923 571 999 cupidis
584 922 727 998 rapuisse
740 923 896 985 Numicius
910 925 1004 987 undis
1141 840 1151 1011 J

239 1007 391 1082 Creditur,
408 1014 438 1068 et
453 1008 569 1083 stagnis
586 1007 759 1067 occuluisse
774 1008 850 1069 suis.
1146 1021 1152 1137 p

196 1091 320 1152 Sidonis
335 1092 452 1153 interea
465 1106 577 1165 magno
592 1090 726 1151 clamore
739 1107 796 1166 per
811 1107 903 1167 agros

132 1179 184 1234 650
236 1177 404 1250 Quaeritur.
433 1182 584 1251 apparent
599 1174 687 1250 signa
701 1182 855 1251 notaeque
869 1174 1001 1252 pedum.

195 1262 327 1320 Ventum
342 1267 407 1320 erat
421 1260 461 1319 ad
475 1260 569 1335 ripas.
597 1258 716 1320 inerant
730 1259 861 1335 vestigia
874 1259 983 1336 ripis...

238 1343 388 1405 Sustinuit
403 1342 513 1404 tacitas
528 1341 672 1405 conscius
688 1341 787 1402 amnis
803 1359 933 1418 aquas...

194 1428 267 1502 Ipsa
280 1429 365 1503 loqui
378 1429 448 1488 visa
462 1433 510 1487 est
524 1425 650 1486 ‘Placidi
666 1440 734 1486 sum
748 1426 891 1506 nympha
904 1426 1039 1490 Numici=

238 1513 336 1572 Amne
353 1527 487 1588 perenne
501 1512 599 1571 latens
614 1511 705 1570 Anna
720 1506 859 1571 Perenna
874 1516 996 1574 vocor?
1039 1506 1042 1511 ’

132 1605 184 1661 655
198 1593 339 1657 Protinus
355 1595 463 1656 erratis
478 1595 548 1656 laeti
563 1600 732 1655 vescuntur
746 1594 776 1654 in
792 1595 884 1670 agris,

239 1679 277 1740 tut
292 1680 446 1740 celebrant
460 1680 545 1754 largo
560 1693 687 1754 remque
702 1677 846 1753 diemque
863 1695 960 1741 mero.

197 1762 274 1823 Sunt
299 1762 410 1839 quibus
431 1762 508 1823 haec
529 1763 615 1823 Luna
635 1768 698 1837 est,
724 1761 797 1837 quia
822 1761 981 1824 mensibus
1007 1758 1129 1838 impleat

809 1862 937 1908 6111111616

237 1931 310 1991 Pars
325 1930 466 2006 Themin,
485 1929 639 1992 Inachiam
653 1947 726 2007 pars
741 1937 827 2005 putat
844 1946 916 1991 esse
929 1928 1052 1992 bovem.

196 2014 353 2088 invenies,
371 2015 422 2090 qui
435 2021 467 2076 te
482 2014 640 2094 nymphen
653 2014 811 2075 Atlantida
825 2014 936 2087 dicant,

132 2101 184 2157 666
237 2101 342 2176 Teque
356 2099 423 2160 lovi
437 2099 571 2177 primoS,
586 2100 691 2171 Anna,
708 2097 835 2159 dedisse
851 2099 948 2159 cibos.

195 2185 279 2244 llaec
291 2198 424 2259 quoque,
442 2199 534 2258 quam
546 2182 686 2255 referam,
699 2189 822 2242 nostras
834 2180 1025 2260 pervenitad
1038 2197 1127 2243 aures

236 2266 339 2326 Fama.
368 2283 425 2327 nee
439 2283 459 2326 a
474 2266 540 2326 veri
556 2265 687 2326 dissidet
700 2265 751 2326 illa
766 2265 838 2331 tide.

195 2350 285 2410 Plebs
301 2358 388 2410 vetus
404 2357 435 2410 et
448 2350 540 2432 nullis
555 2349 719 2410 etiamtunc
733 2355 797 2411 tuta
810 2349 941 2411 tribunis
1140 2336 1157 2380 ³

235 2433 337 2510 Fugit,
352 2441 383 2495 et
396 2433 427 2493 in
442 2433 529 2494 Sacri
543 2432 659 2494 vertice
673 2433 786 2495 montis
802 2441 876 2495 erat.
1146 2499 1147 2505 .

132 2526 184 2582 666
199 2519 262 2577 lam
278 2532 419 2593 quoque,
436 2533 526 2593 quem
541 2532 646 2578 secum
660 2519 804 2592 tulerant,
821 2518 977 2578 deiecerat
990 2517 1061 2577 illos

236 2601 345 2663 Victus
360 2609 390 2663 et
402 2602 544 2661 humanis
558 2600 666 2662 usibus
681 2608 754 2676 apta
768 2617 866 2662 ceres.

197 2685 270 2746 Orta
283 2685 467 2747 suburbanis
483 2686 634 2761 quaedam
650 2683 704 2746 init
718 2685 808 2745 Anna
820 2685 959 2761 Bovillis,

236 2769 372 2845 Pauper,
387 2770 445 2831 sed
459 2770 592 2830 mundae
607 2768 778 2829 sedulitatis
793 2785 880 2829 anus.

196 2854 262 2924 llla,
279 2853 340 2913 levi
354 2853 442 2914 mitra
457 2869 552 2914 canos
567 2851 708 2912 redimita
723 2853 861 2929 capillos,

132 2952 185 3009 676
237 2936 385 3012 Fingebat
398 2938 527 2998 tremula
542 2936 655 2996 rustica
670 2935 732 2996 liba
745 2952 853 3018 manu:

196 3023 298 3097 Atque
317 3020 359 3081 ita
373 3037 429 3098 per
444 3020 590 3098 populum
606 3019 752 3080 fumantia
766 3035 856 3080 mane
870 3019 990 3080 solebat

236 3105 390 3166 Dividere.
417 3105 495 3165 haec
510 3106 627 3181 populo
642 3104 733 3179 copia
746 3111 833 3180 grata
848 3104 912 3164 iuit.

195 3189 273 3250 Pace
289 3189 371 3249 domi
387 3190 468 3250 iacta
482 3189 602 3264 signum
617 3204 751 3264 posuere
765 3203 910 3264 perenne,

238 3272 326 3346 Quod
341 3273 400 3333 sibi
415 3272 543 3334 desectis
558 3272 610 3332 illa
623 3271 745 3332 tulisset
758 3287 860 3347 opem.

131 3362 183 3426 616
194 3356 282 3419 Nunc
296 3357 384 3434 mihi,
401 3372 455 3419 eur
469 3362 604 3430 cantent,
621 3361 778 3432 superest,
793 3353 929 3417 obscena
943 3352 1075 3430 puellae,

235 3438 354 3501 Dicere.
383 3458 454 3501 narn
469 3446 596 3516 coeunt,
613 3445 757 3519 certaque
772 3439 885 3518 probra
899 3446 1021 3500 canunt
