2318 3960
99 203 162 270 ald
480 202 734 265 FASTORUM

185 357 297 431 cacus,
321 356 493 418 Aventinae
509 356 599 416 timor
613 361 704 432 atque
718 356 842 417 infamia
856 357 964 432 silvae,

225 441 292 502 Non
307 443 376 501 leve
390 439 524 501 finitimis
541 440 778 516 hospitibusque
792 442 915 503 malum.

183 525 256 585 Dira
271 527 336 586 viro
357 524 466 597 iacies,
481 524 563 584 vires
578 540 634 599 pro
650 540 795 600 corpore,
819 541 934 600 corpus

228 609 360 669 Grande.
395 615 483 685 pater
496 609 623 669 monstri
642 608 791 670 Mulciber
803 609 894 670 huius
915 617 997 671 erat:

113 703 165 757 555
178 693 299 768 Proque
313 694 406 753 domo
428 693 528 767 longis
545 694 694 768 spelunea
707 693 883 754 recessibus
898 694 1020 770 ingens,

226 777 355 852 Abdita,
370 776 424 836 vix
438 777 516 851 ipsis
531 776 715 837 invenienda
729 777 812 838 ieris.

186 861 246 921 Ora
261 877 356 937 super
369 867 476 937 postes
491 861 648 936 affixaque
669 859 813 922 bracchia
830 861 973 936 pendent,

227 945 439 1022 squalidaque
452 945 593 1006 humanis
609 944 733 1006 ossibus
748 945 830 1006 albet
847 945 969 1006 humus.

186 1029 315 1090 Servata
329 1031 409 1088 male
423 1036 509 1103 porte
528 1029 622 1089 boum
637 1030 711 1089 Iove
730 1035 820 1090 natus
840 1028 963 1090 abibas=

116 1123 167 1178 560
222 1113 368 1188 Mugitum
387 1128 482 1173 rauco
500 1115 578 1174 lurta
591 1112 706 1173 dedere
721 1129 809 1173 sono.

186 1197 326 1273 ‘Accipio
342 1201 536 1257 revocamen’
553 1196 607 1271 ait,
623 1212 795 1273 vocemque
809 1204 932 1259 secutus

228 1281 324 1357 Impia
345 1296 402 1355 per
418 1281 514 1341 silvas
528 1281 627 1341 victor
640 1281 682 1340 ad
695 1287 782 1342 antra
796 1282 887 1342 venit.

186 1367 240 1426 Ille
254 1365 369 1425 aditum
383 1365 468 1426 tracti
485 1372 712 1440 praestruxerat
723 1364 811 1426 obice
824 1364 951 1426 mortiise

227 1450 289 1509 Vix
303 1449 376 1525 iuga
389 1450 559 1510 movissent
574 1450 711 1525 quinque
725 1449 773 1510 bis
788 1450 863 1511 illud
882 1466 973 1526 opus.

115 1544 166 1598 565
180 1534 288 1594 Nititur
302 1533 352 1593 hic
366 1533 501 1594 humeris
512 1577 540 1610 ,..
563 1535 680 1594 caelum
701 1549 825 1610 quoque
847 1534 971 1595 sederat
989 1533 1084 1594 illis...

228 1618 266 1677 Et
279 1623 399 1677 vastum
414 1625 498 1679 motu
514 1617 737 1678 conlabefactat
758 1634 846 1680 onus.

188 1701 276 1776 Quod
291 1700 381 1761 simul
397 1716 538 1762 eversum
552 1710 608 1774 est,
625 1703 727 1778 fragor
741 1702 866 1764 aethera
876 1701 982 1763 terruit
992 1701 1095 1779 ipsum

229 1786 355 1861 lotaque
370 1785 510 1847 subsedit
524 1787 663 1862 pondere
677 1785 767 1846 molis
782 1786 904 1851 humus.

187 1869 287 1929 Prima
306 1876 408 1929 movet
423 1870 520 1930 Cacus
535 1871 647 1930 collata
662 1865 780 1944 proelia
795 1870 912 1941 dextra,
983 1911 986 1914 -

117 1963 169 2017 alc
228 1954 366 2028 Itemque
381 1955 469 2014 ferox
484 1953 569 2015 saxis
588 1953 804 2030 stipitibusque
817 1952 903 2028 gerit.

189 2036 263 2111 Quis
278 2037 330 2097 ubi
345 2038 386 2098 nil
402 2037 514 2113 agitur,
537 2037 651 2113 patrias
665 2038 744 2097 male
759 2037 846 2097 tortis
863 2037 904 2096 ad
917 2043 999 2098 artes

231 2121 386 2196 Confugit,
410 2127 440 2181 et
454 2121 593 2182 flammas
610 2137 664 2181 ore
679 2127 808 2182 sonante
821 2120 925 2182 vomit.

190 2205 270 2278 Quas
287 2205 429 2279 quotiens
445 2204 572 2282 proflat,
587 2205 706 2280 spirare
720 2204 869 2283 Typhoea
884 2205 1003 2278 credas,

231 2290 268 2348 Et
282 2288 422 2364 rapidum
436 2291 573 2350 Aetnaeo
590 2289 690 2364 fulgur
704 2287 742 2349 ab
758 2289 828 2364 igne
841 2289 909 2349 iaci.
971 2286 973 2289 ’

119 2381 170 2437 515
186 2371 323 2447 Occupat
335 2372 477 2447 Alcides,
499 2374 694 2448 adductaque
710 2373 797 2433 clava
810 2371 938 2435 trinodis

230 2458 289 2517 Ter
305 2463 411 2531 quater
425 2457 548 2519 adversi
563 2457 643 2518 sedit
656 2457 687 2516 in
702 2472 756 2517 ore
769 2457 836 2516 viri.

189 2541 243 2600 llle
259 2540 353 2614 cadit,
371 2540 546 2616 mixtosque
561 2541 656 2601 vomit
670 2557 739 2602 curn
754 2541 903 2617 sanguine
917 2541 1027 2614 fumos,

231 2625 269 2684 Et
282 2624 343 2685 lato
359 2626 493 2687 moriens
510 2633 636 2702 pectore
651 2625 766 2701 plangit
780 2625 913 2686 humum.

190 2709 328 2769 Immolet
349 2725 387 2769 ex
403 2711 462 2770 illis
476 2716 595 2770 taurum
609 2708 678 2782 tibi,
700 2709 851 2785 Iuppiter,
866 2725 957 2770 unum

119 2802 172 2858 680
227 2793 348 2867 Victor,
364 2799 394 2853 et
407 2795 582 2854 Euandrum
597 2793 810 2869 ruricolasque
825 2793 926 2854 vocat.

191 2877 413 2952 Constituitque
431 2877 505 2951 sibi,
528 2894 608 2954 quae
625 2876 759 2939 Maxima
773 2877 897 2949 dicitur,
913 2891 1008 2952 aram,

232 2961 289 3021 Hic
302 2960 353 3020 ubi
370 2979 442 3037 pars
457 2960 548 3022 Urbis
564 2963 603 3022 de
622 2961 702 3021 bove
717 2976 828 3022 nomen
842 2960 943 3021 habet.

190 3045 252 3104 Nec
271 3051 352 3105 tacet
364 3044 498 3106 Euandri
520 3051 630 3121 mater,
650 3061 749 3122 prope
763 3053 883 3122 tempus
898 3041 1023 3110 adesse,

232 3129 362 3190 Hercule
377 3147 438 3204 quo
453 3132 543 3190 tellus
559 3129 599 3190 sit
613 3130 688 3191 satis
702 3145 762 3190 uso
775 3146 844 3190 suo.

121 3221 171 3276 585
186 3211 227 3274 At
240 3212 313 3272 lelix
329 3221 480 3287 vates,›ut
494 3214 542 3275 dis
559 3213 734 3290 gratissima
749 3213 833 3283 vixit

233 3295 376 3358 Possidet
388 3298 469 3360 hunc
484 3297 547 3358 lani
562 3298 608 3359 sic
622 3298 681 3382 dea
694 3312 801 3358 mense
815 3296 907 3358 u'lem.
