2318 3960
454 221 511 293 IV,
532 219 711 286 stt-551.
1027 225 1090 290 283

90 382 145 436 515
162 372 283 434 Restitit
295 381 326 433 et
340 375 451 448 senior,
471 373 610 449 quamvis
624 391 704 437 onus
720 382 816 450 urget,
840 383 871 436 et
884 385 951 438 orat
993 371 1001 383 ‘

201 455 293 518 Tecta
307 473 381 518 sune
395 458 506 519 subeat
520 459 798 535 quantulacumque
812 474 914 520 casae.

160 539 215 598 illa
229 547 328 615 negat.
357 541 513 602 simularat
527 557 627 614 anum,
643 541 793 618 rnitraque
807 541 936 618 capillos

199 621 365 685 Presserat
394 624 517 686 instanti
531 624 604 684 talia
618 624 700 685 dieta
713 626 818 686 relenta

160 705 293 783 ‘Sospes
308 723 378 782 eas,
399 722 583 784 semperque
597 716 725 783 parenst
745 708 819 768 mihi
833 708 896 768 illia
908 717 996 786 rapta
1010 717 1066 770 est.

89 799 144 854 510
200 789 283 850 Heu!
297 790 405 851 melior
419 797 532 866 quanto
546 805 617 852 sors
631 799 684 853 tua
698 799 781 853 sorte
794 807 864 852 mea
878 797 949 852 est’

161 872 255 946 Dian,
276 881 320 946 et,
338 881 371 934 ut
388 874 562 935 lacrimae...
577 890 678 950 neque
693 876 773 935 enim
787 875 945 935 lacrimare
960 876 1087 939 deorum

801 966 881 1019 est...

200 1039 319 1099 Decidit
331 1039 363 1100 in
377 1041 500 1118 tepidos
515 1040 618 1101 lueida
632 1048 717 1115 gutta
731 1041 828 1102 sinus.
880 1063 883 1070 ¹

158 1121 247 1183 Flent
259 1123 372 1198 pariter
385 1126 493 1184 molles
507 1123 616 1184 animis
633 1124 783 1200 virgoque
797 1140 970 1200 seneane=

200 1207 225 1264 E
241 1206 352 1282 quibus
366 1208 443 1268 haee
458 1207 529 1268 iusti
544 1207 638 1267 verba
653 1208 739 1267 luere
753 1207 853 1268 senis:
894 1234 896 1237 ·

87 1300 142 1354 525
157 1287 304 1362 ’81111οἰ,
320 1306 411 1366 quam
425 1297 543 1366 raptam
559 1289 706 1365 quereris,
727 1291 768 1351 sit
780 1290 844 1351 filia
858 1306 980 1366 sospes,

198 1371 305 1448 Surge,
322 1389 379 1434 nee
394 1375 523 1448 exiguae
537 1373 664 1450 despiee
679 1380 758 1434 tecta
772 1378 886 1435 nasae!

159 1455 210 1516 Cui
226 1456 285 1516 dea
298 1457 404 1518 ‘Duet’
419 1458 525 1531 inquit.
555 1457 670 1531 scisti,
694 1474 756 1533 qua
770 1472 881 1532 eogere
896 1463 1021 1533 posses’

199 1537 302 1614 Seque
316 1540 398 1601 levat
411 1557 499 1620 saxo,
522 1541 783 1617 subsequiturque
797 1556 912 1601 senem.

157 1623 227 1684 Dux
240 1624 342 1684 comiti
356 1631 473 1699 narrat,
495 1641 586 1699 quam
601 1624 641 1685 sit
654 1624 713 1684 sibi
727 1625 809 1686 tilius
825 1639 926 1700 aeger,

87 1717 143 1771 530
198 1706 260 1765 Nee
274 1706 374 1783 capiat
387 1723 514 1769 somnos
528 1707 725 1783 invigiletque
742 1708 840 1768 malis.

158 1791 212 1849 llln
227 1790 445 1866 soporiferum,
466 1807 581 1867 parvos
595 1792 707 1853 initura
721 1799 860 1867 penates,

199 1873 318 1948 colligit
332 1873 446 1949 agresti
459 1876 528 1935 lene
543 1891 681 1951 papaver
693 1874 797 1937 humo.

160 1959 235 2018 llum
249 1958 335 2032 legit,
359 1957 453 2018 oblito
468 1958 564 2019 femur
576 1966 719 2034 gustasse
733 1960 844 2033 palato,

198 2041 395 2116 Longumque
409 2043 589 2118 imprudens
605 2042 779 2102 exsoluisse
793 2043 913 2102 lamam.

88 2133 145 2189 535
158 2125 241 2198 Quae
255 2124 327 2199 quia
339 2122 490 2202 principio
505 2126 609 2202 posuit
622 2124 735 2185 ieiunia
748 2125 856 2197 noetis,

195 2207 328 2284 'l'empns
343 2208 456 2270 habent
469 2217 589 2288 mystae
605 2209 708 2269 sidera
720 2207 791 2269 visa
805 2207 874 2269 eibi.

158 2292 260 2351 Limen
273 2300 307 2352 ut
319 2290 455 2368 intravit,
475 2294 575 2356 luctus
589 2293 673 2354 videt
687 2292 789 2353 omnia
804 2293 903 2369 plena.

198 2377 260 2434 lam
275 2391 349 2452 spes
363 2375 394 2436 in
408 2393 505 2452 puero
521 2380 604 2438 nulla
617 2377 724 2438 salutis
739 2385 813 2437 erat.

157 2459 252 2519 Matre
266 2461 424 2520 salutata...
438 2468 535 2522 mater
547 2461 695 2522 Metanira
708 2466 867 2522 vocatur...
892 2491 898 2504 ι

87 2554 143 2607 510
195 2545 323 2617 iungere
338 2543 462 2618 dignata
477 2550 525 2604 ost
539 2560 575 2603 os
591 2545 707 2621 puerile
722 2559 789 2605 suo.

157 2626 257 2686 Pallor
270 2626 347 2698 abit,
366 2626 546 2703 subitasque
560 2627 667 2688 vident
679 2627 710 2686 in
725 2641 855 2703 corpore
869 2626 962 2686 vires.

198 2711 313 2770 Tantus
328 2711 453 2771 caelesti
466 2708 551 2770 venit
564 2711 603 2771 ab
619 2726 673 2770 ore
687 2711 784 2786 vigor.

156 2793 233 2852 Tota
246 2795 355 2854 domus
370 2794 449 2854 laeta
463 2802 519 2855 est.
547 2794 607 2853 hoe
622 2803 678 2866 est,
694 2802 850 2869 materque
865 2796 1018 2868 paterque
1071 2863 1073 2870 Ι

197 2877 346 2952 Nataque.
374 2884 437 2938 tres
451 2879 493 2938 illi
507 2884 572 2938 tota
585 2877 670 2937 luere
685 2878 804 2937 domus.

89 2971 143 3024 515
158 2961 230 3021 Mox
246 2962 354 3036 epulas
369 2969 499 3037 ponunt,
523 2961 687 3036 liquefacta
701 2961 830 3034 coagula
843 2961 922 3019 laete

195 3044 350 3118 Pomaque
364 3052 395 3104 et
408 3042 438 3105 in
451 3045 530 3105 neris
544 3059 638 3105 aurea
652 3043 743 3104 mella
756 3043 832 3122 suis.

157 3128 301 3189 Abstinet
316 3127 395 3188 alma
410 3128 518 3202 ceres,
540 3126 702 3202 somnique
717 3140 873 3202 papavera
887 3141 999 3188 causas

198 3210 257 3270 Dat
271 3210 324 3270 tibi
340 3227 409 3272 eum
422 3212 526 3288 tepido
541 3210 619 3271 laete
632 3208 775 3281 bibenda,
799 3224 884 3285 puer.

158 3294 262 3356 Noetis
278 3300 343 3355 erat
356 3295 504 3367 medium,
527 3292 702 3370 placidique
716 3291 836 3352 silentia
849 3293 965 3352 somnia

89 3389 143 3439 550
198 3377 414 3453 Triptolemum
428 3380 542 3454 grando
558 3376 680 3438 sustulit
694 3376 745 3436 illa
759 3389 826 3449 suo,

159 3462 278 3537 Terque
293 3477 382 3521 manu
397 3462 556 3537 permulsit
570 3477 647 3536 eum,
670 3459 727 3519 tria
741 3458 874 3519 camnine
886 3455 972 3530 dixit,
