<?xml version="1.0" encoding="UTF-8"?>
<!DOCTYPE html PUBLIC "-//W3C//DTD XHTML 1.0 Transitional//EN"
    "http://www.w3.org/TR/xhtml1/DTD/xhtml1-transitional.dtd">
<html xmlns="http://www.w3.org/1999/xhtml" xml:lang="en" lang="en">
 <head>
  <title>
</title>
<meta http-equiv="Content-Type" content="text/html;charset=utf-8" />
  <meta name='ocr-system' content='tesseract 3.04.00' />
  <meta name='ocr-capabilities' content='ocr_page ocr_carea ocr_par ocr_line ocrx_word'/>
</head>
<body>
  <div class='ocr_page' id='page_1' title='image "./povidiusnasoexr00merkgoog_0117.png"; bbox 0 0 2318 3960; ppageno 0'>
   <div class='ocr_carea' id='block_1_1' title="bbox 116 210 715 283">
    <p class='ocr_par' dir='ltr' id='par_1_1' title="bbox 116 210 715 283">
     <span class='ocr_line' id='line_1_1' title="bbox 116 210 715 283; baseline 0 -13"><span class='ocrx_word' id='word_1_1' title='bbox 116 217 177 283; x_wconf 68' lang='grc' dir='ltr'>[ω</span> <span class='ocrx_word' id='word_1_2' title='bbox 567 210 715 273; x_wconf 86' lang='lat' dir='ltr'>lBIDlS</span> 
     </span>
    </p>
   </div>
   <div class='ocr_carea' id='block_1_2' title="bbox 47 361 1110 3532">
    <p class='ocr_par' dir='ltr' id='par_1_2' title="bbox 47 361 1110 3532">
     <span class='ocr_line' id='line_1_2' title="bbox 238 361 956 443; baseline -0.013 -14"><span class='ocrx_word' id='word_1_3' title='bbox 238 368 411 443; x_wconf 79' lang='lat' dir='ltr'>Nostraque</span> <span class='ocrx_word' id='word_1_4' title='bbox 424 362 610 439; x_wconf 81' lang='lat' dir='ltr'>longinquus</span> <span class='ocrx_word' id='word_1_5' title='bbox 624 364 745 424; x_wconf 89' lang='lat' dir='ltr'>viscera</span> <span class='ocrx_word' id='word_1_6' title='bbox 758 361 854 439; x_wconf 84' lang='lat' dir='ltr'>piscIs</span> <span class='ocrx_word' id='word_1_7' title='bbox 869 362 956 424; x_wconf 70' lang='lat' dir='ltr'>edeta</span> 
     </span>
     <span class='ocr_line' id='line_1_3' title="bbox 199 447 1017 528; baseline -0.012 -15"><span class='ocrx_word' id='word_1_8' title='bbox 199 452 273 513; x_wconf 90' lang='lat' dir='ltr'>Sive</span> <span class='ocrx_word' id='word_1_9' title='bbox 287 450 467 528; x_wconf 77' lang='lat' dir='ltr'>peregrinae</span> <span class='ocrx_word' id='word_1_10' title='bbox 482 452 608 522; x_wconf 84' lang='lat' dir='ltr'>carpent</span> <span class='ocrx_word' id='word_1_11' title='bbox 621 463 690 507; x_wconf 90' lang='lat' dir='ltr'>mea</span> <span class='ocrx_word' id='word_1_12' title='bbox 703 447 841 507; x_wconf 90' lang='lat' dir='ltr'>membra</span> <span class='ocrx_word' id='word_1_13' title='bbox 854 447 1017 509; x_wconf 75' lang='lat' dir='ltr'>volueress</span> 
     </span>
     <span class='ocr_line' id='line_1_4' title="bbox 241 530 916 607; baseline -0.015 -11"><span class='ocrx_word' id='word_1_14' title='bbox 241 535 314 598; x_wconf 84' lang='lat' dir='ltr'>Sive</span> <span class='ocrx_word' id='word_1_15' title='bbox 325 549 393 593; x_wconf 90' lang='lat' dir='ltr'>meo</span> <span class='ocrx_word' id='word_1_16' title='bbox 408 533 545 607; x_wconf 85' lang='lat' dir='ltr'>tinguent</span> <span class='ocrx_word' id='word_1_17' title='bbox 559 531 708 605; x_wconf 90' lang='lat' dir='ltr'>sanguiue</span> <span class='ocrx_word' id='word_1_18' title='bbox 721 536 822 591; x_wconf 85' lang='lat' dir='ltr'>rostra</span> <span class='ocrx_word' id='word_1_19' title='bbox 835 530 916 606; x_wconf 64' lang='lat' dir='ltr'>lupia</span> 
     </span>
     <span class='ocr_line' id='line_1_5' title="bbox 199 614 929 692; baseline -0.01 -12"><span class='ocrx_word' id='word_1_20' title='bbox 199 620 271 681; x_wconf 88' lang='lat' dir='ltr'>Sive</span> <span class='ocrx_word' id='word_1_21' title='bbox 286 617 396 692; x_wconf 91' lang='lat' dir='ltr'>aliquis</span> <span class='ocrx_word' id='word_1_22' title='bbox 411 616 553 689; x_wconf 88' lang='lat' dir='ltr'>dignatus</span> <span class='ocrx_word' id='word_1_23' title='bbox 569 614 625 674; x_wconf 92' lang='lat' dir='ltr'>erit</span> <span class='ocrx_word' id='word_1_24' title='bbox 639 615 815 690; x_wconf 86' lang='lat' dir='ltr'>subponere</span> <span class='ocrx_word' id='word_1_25' title='bbox 829 619 929 674; x_wconf 89' lang='lat' dir='ltr'>terrae</span> 
     </span>
     <span class='ocr_line' id='line_1_6' title="bbox 134 698 835 775; baseline -0.013 -10"><span class='ocrx_word' id='word_1_26' title='bbox 134 711 186 765; x_wconf 78' lang='lat'>1⁵0</span> <span class='ocrx_word' id='word_1_27' title='bbox 237 704 276 761; x_wconf 87' lang='lat' dir='ltr'>Et</span> <span class='ocrx_word' id='word_1_28' title='bbox 289 703 364 760; x_wconf 90' lang='lat' dir='ltr'>dare</span> <span class='ocrx_word' id='word_1_29' title='bbox 378 698 499 775; x_wconf 89' lang='lat' dir='ltr'>plebelo</span> <span class='ocrx_word' id='word_1_30' title='bbox 515 714 629 774; x_wconf 89' lang='lat' dir='ltr'>corpus</span> <span class='ocrx_word' id='word_1_31' title='bbox 643 700 734 758; x_wconf 90' lang='lat' dir='ltr'>inane</span> <span class='ocrx_word' id='word_1_32' title='bbox 748 713 835 774; x_wconf 86' lang='lat' dir='ltr'>rogo.</span> 
     </span>
     <span class='ocr_line' id='line_1_7' title="bbox 197 781 975 862; baseline -0.003 -17"><span class='ocrx_word' id='word_1_33' title='bbox 197 785 348 862; x_wconf 81' lang='lat' dir='ltr'>Quicquid</span> <span class='ocrx_word' id='word_1_34' title='bbox 364 798 427 856; x_wconf 90' lang='lat' dir='ltr'>ero,</span> <span class='ocrx_word' id='word_1_35' title='bbox 450 781 566 859; x_wconf 90' lang='lat' dir='ltr'>Stygiis</span> <span class='ocrx_word' id='word_1_36' title='bbox 582 797 741 857; x_wconf 86' lang='lat' dir='ltr'>erumpere</span> <span class='ocrx_word' id='word_1_37' title='bbox 755 782 834 843; x_wconf 85' lang='lat' dir='ltr'>nitar</span> <span class='ocrx_word' id='word_1_38' title='bbox 847 781 885 842; x_wconf 87' lang='lat' dir='ltr'>ab</span> <span class='ocrx_word' id='word_1_39' title='bbox 901 782 975 857; x_wconf 91' lang='lat' dir='ltr'>oris,</span> 
     </span>
     <span class='ocr_line' id='line_1_8' title="bbox 238 866 891 940; baseline -0.002 -12"><span class='ocrx_word' id='word_1_40' title='bbox 238 870 276 928; x_wconf 89' lang='lat' dir='ltr'>El</span> <span class='ocrx_word' id='word_1_41' title='bbox 290 866 413 927; x_wconf 91' lang='lat' dir='ltr'>tendam</span> <span class='ocrx_word' id='word_1_42' title='bbox 430 866 549 940; x_wconf 91' lang='lat' dir='ltr'>gelidas</span> <span class='ocrx_word' id='word_1_43' title='bbox 563 867 646 926; x_wconf 89' lang='lat' dir='ltr'>ultor</span> <span class='ocrx_word' id='word_1_44' title='bbox 658 867 689 925; x_wconf 94' lang='lat' dir='ltr'>in</span> <span class='ocrx_word' id='word_1_45' title='bbox 704 882 891 929; x_wconf 77' lang='lat' dir='ltr'>emmanue.</span> 
     </span>
     <span class='ocr_line' id='line_1_9' title="bbox 196 947 1021 1026; baseline -0.004 -14"><span class='ocrx_word' id='word_1_46' title='bbox 196 954 245 1012; x_wconf 82' lang='lat' dir='ltr'>lle</span> <span class='ocrx_word' id='word_1_47' title='bbox 259 951 391 1026; x_wconf 86' lang='lat' dir='ltr'>vigilans</span> <span class='ocrx_word' id='word_1_48' title='bbox 406 964 524 1009; x_wconf 91' lang='lat' dir='ltr'>cernes.</span> <span class='ocrx_word' id='word_1_49' title='bbox 557 950 656 1009; x_wconf 89' lang='lat' dir='ltr'>tacitis</span> <span class='ocrx_word' id='word_1_50' title='bbox 672 965 730 1024; x_wconf 91' lang='lat' dir='ltr'>ego</span> <span class='ocrx_word' id='word_1_51' title='bbox 746 949 844 1012; x_wconf 89' lang='lat' dir='ltr'>noctis</span> <span class='ocrx_word' id='word_1_52' title='bbox 859 950 891 1009; x_wconf 88' lang='lat' dir='ltr'>in</span> <span class='ocrx_word' id='word_1_53' title='bbox 903 947 1021 1012; x_wconf 87' lang='lat' dir='ltr'>umbris</span> 
     </span>
     <span class='ocr_line' id='line_1_10' title="bbox 47 1033 865 1114; baseline -0.004 -19"><span class='ocrx_word' id='word_1_54' title='bbox 47 1107 50 1114; x_wconf 24' lang='lat'><em>¹</em></span> <span class='ocrx_word' id='word_1_55' title='bbox 237 1034 401 1095; x_wconf 79' lang='lat' dir='ltr'>Excutiam</span> <span class='ocrx_word' id='word_1_56' title='bbox 413 1047 540 1093; x_wconf 90' lang='lat' dir='ltr'>somnos</span> <span class='ocrx_word' id='word_1_57' title='bbox 554 1033 642 1093; x_wconf 77' lang='lat' dir='ltr'>ulsus</span> <span class='ocrx_word' id='word_1_58' title='bbox 658 1033 770 1093; x_wconf 90' lang='lat' dir='ltr'>adesse</span> <span class='ocrx_word' id='word_1_59' title='bbox 784 1040 865 1094; x_wconf 88' lang='lat' dir='ltr'>tuos.</span> 
     </span>
     <span class='ocr_line' id='line_1_11' title="bbox 134 1115 1059 1194; baseline 0.001 -14"><span class='ocrx_word' id='word_1_60' title='bbox 134 1132 184 1186; x_wconf 82' lang='lat'>155</span> <span class='ocrx_word' id='word_1_61' title='bbox 195 1119 334 1194; x_wconf 88' lang='lat' dir='ltr'>Denique</span> <span class='ocrx_word' id='word_1_62' title='bbox 349 1115 495 1193; x_wconf 91' lang='lat' dir='ltr'>quicquid</span> <span class='ocrx_word' id='word_1_63' title='bbox 511 1131 594 1190; x_wconf 86' lang='lat' dir='ltr'>ages,</span> <span class='ocrx_word' id='word_1_64' title='bbox 617 1124 687 1176; x_wconf 83' lang='lat' dir='ltr'>ante</span> <span class='ocrx_word' id='word_1_65' title='bbox 705 1132 741 1176; x_wconf 90' lang='lat' dir='ltr'>os</span> <span class='ocrx_word' id='word_1_66' title='bbox 757 1119 928 1193; x_wconf 89' lang='lat' dir='ltr'>oculosque</span> <span class='ocrx_word' id='word_1_67' title='bbox 943 1117 1059 1181; x_wconf 78' lang='lat' dir='ltr'>volabo</span> 
     </span>
     <span class='ocr_line' id='line_1_12' title="bbox 238 1200 874 1276; baseline -0.005 -14"><span class='ocrx_word' id='word_1_68' title='bbox 238 1204 276 1263; x_wconf 92' lang='lat' dir='ltr'>Et</span> <span class='ocrx_word' id='word_1_69' title='bbox 290 1217 410 1276; x_wconf 87' lang='lat' dir='ltr'>querar,</span> <span class='ocrx_word' id='word_1_70' title='bbox 434 1206 465 1260; x_wconf 87' lang='lat' dir='ltr'>et</span> <span class='ocrx_word' id='word_1_71' title='bbox 478 1201 562 1259; x_wconf 89' lang='lat' dir='ltr'>nulla</span> <span class='ocrx_word' id='word_1_72' title='bbox 576 1200 651 1260; x_wconf 89' lang='lat' dir='ltr'>sede</span> <span class='ocrx_word' id='word_1_73' title='bbox 667 1201 788 1276; x_wconf 87' lang='lat' dir='ltr'>quletus</span> <span class='ocrx_word' id='word_1_74' title='bbox 803 1203 874 1262; x_wconf 90' lang='lat' dir='ltr'>eris.</span> 
     </span>
     <span class='ocr_line' id='line_1_13' title="bbox 196 1284 1047 1361; baseline 0.002 -17"><span class='ocrx_word' id='word_1_75' title='bbox 196 1287 335 1346; x_wconf 88' lang='lat' dir='ltr'>Verbera</span> <span class='ocrx_word' id='word_1_76' title='bbox 348 1291 428 1345; x_wconf 84' lang='lat' dir='ltr'>torta</span> <span class='ocrx_word' id='word_1_77' title='bbox 442 1284 558 1344; x_wconf 88' lang='lat' dir='ltr'>dabunt</span> <span class='ocrx_word' id='word_1_78' title='bbox 571 1284 713 1360; x_wconf 88' lang='lat' dir='ltr'>sonitum,</span> <span class='ocrx_word' id='word_1_79' title='bbox 735 1300 897 1361; x_wconf 89' lang='lat' dir='ltr'>nexaeque</span> <span class='ocrx_word' id='word_1_80' title='bbox 911 1285 1047 1348; x_wconf 85' lang='lat' dir='ltr'>colubris</span> 
     </span>
     <span class='ocr_line' id='line_1_14' title="bbox 240 1366 912 1444; baseline -0.004 -13"><span class='ocrx_word' id='word_1_81' title='bbox 240 1369 371 1431; x_wconf 87' lang='lat' dir='ltr'>Conscia</span> <span class='ocrx_word' id='word_1_82' title='bbox 384 1366 542 1427; x_wconf 82' lang='lat' dir='ltr'>fumabunt</span> <span class='ocrx_word' id='word_1_83' title='bbox 555 1383 679 1444; x_wconf 88' lang='lat' dir='ltr'>semper</span> <span class='ocrx_word' id='word_1_84' title='bbox 692 1369 733 1429; x_wconf 94' lang='lat' dir='ltr'>ad</span> <span class='ocrx_word' id='word_1_85' title='bbox 749 1385 802 1429; x_wconf 89' lang='lat' dir='ltr'>ora</span> <span class='ocrx_word' id='word_1_86' title='bbox 818 1370 912 1429; x_wconf 86' lang='lat' dir='ltr'>laces.</span> 
     </span>
     <span class='ocr_line' id='line_1_15' title="bbox 196 1451 925 1526; baseline -0.008 -13"><span class='ocrx_word' id='word_1_87' title='bbox 196 1455 251 1513; x_wconf 91' lang='lat' dir='ltr'>His</span> <span class='ocrx_word' id='word_1_88' title='bbox 265 1454 355 1512; x_wconf 84' lang='lat' dir='ltr'>vivus</span> <span class='ocrx_word' id='word_1_89' title='bbox 370 1452 456 1512; x_wconf 90' lang='lat' dir='ltr'>iuriis</span> <span class='ocrx_word' id='word_1_90' title='bbox 472 1451 635 1526; x_wconf 83' lang='lat' dir='ltr'>agitabere,</span> <span class='ocrx_word' id='word_1_91' title='bbox 659 1460 795 1513; x_wconf 93' lang='lat' dir='ltr'>mortuus</span> <span class='ocrx_word' id='word_1_92' title='bbox 809 1453 925 1513; x_wconf 81' lang='lat' dir='ltr'>Isdem=</span> 
     </span>
     <span class='ocr_line' id='line_1_16' title="bbox 135 1535 850 1610; baseline 0 -15"><span class='ocrx_word' id='word_1_93' title='bbox 135 1544 185 1598; x_wconf 86' lang='lat'>160</span> <span class='ocrx_word' id='word_1_94' title='bbox 236 1538 274 1597; x_wconf 89' lang='lat' dir='ltr'>Et</span> <span class='ocrx_word' id='word_1_95' title='bbox 286 1535 411 1595; x_wconf 92' lang='lat' dir='ltr'>brevior</span> <span class='ocrx_word' id='word_1_96' title='bbox 424 1550 526 1610; x_wconf 87' lang='lat' dir='ltr'>poena</span> <span class='ocrx_word' id='word_1_97' title='bbox 540 1535 602 1595; x_wconf 90' lang='lat' dir='ltr'>vita</span> <span class='ocrx_word' id='word_1_98' title='bbox 616 1537 715 1597; x_wconf 84' lang='lat' dir='ltr'>lutura</span> <span class='ocrx_word' id='word_1_99' title='bbox 728 1544 780 1597; x_wconf 88' lang='lat' dir='ltr'>tua</span> <span class='ocrx_word' id='word_1_100' title='bbox 794 1543 850 1596; x_wconf 87' lang='lat' dir='ltr'>est.</span> 
     </span>
     <span class='ocr_line' id='line_1_17' title="bbox 195 1618 996 1696; baseline -0.002 -17"><span class='ocrx_word' id='word_1_101' title='bbox 195 1620 257 1680; x_wconf 89' lang='lat' dir='ltr'>Nec</span> <span class='ocrx_word' id='word_1_102' title='bbox 272 1619 326 1679; x_wconf 93' lang='lat' dir='ltr'>tibi</span> <span class='ocrx_word' id='word_1_103' title='bbox 342 1619 518 1692; x_wconf 86' lang='lat' dir='ltr'>contingent</span> <span class='ocrx_word' id='word_1_104' title='bbox 531 1618 624 1679; x_wconf 83' lang='lat' dir='ltr'>funus</span> <span class='ocrx_word' id='word_1_105' title='bbox 639 1620 843 1696; x_wconf 88' lang='lat' dir='ltr'>lacrimaeque</span> <span class='ocrx_word' id='word_1_106' title='bbox 857 1626 996 1682; x_wconf 71' lang='lat' dir='ltr'>tuoruma</span> 
     </span>
     <span class='ocr_line' id='line_1_18' title="bbox 237 1702 751 1779; baseline -0.006 -16"><span class='ocrx_word' id='word_1_107' title='bbox 237 1703 465 1778; x_wconf 88' lang='lat' dir='ltr'>Indeploratum</span> <span class='ocrx_word' id='word_1_108' title='bbox 479 1702 630 1778; x_wconf 87' lang='lat' dir='ltr'>proiciere</span> <span class='ocrx_word' id='word_1_109' title='bbox 646 1711 751 1779; x_wconf 85' lang='lat' dir='ltr'>caput=</span> 
     </span>
     <span class='ocr_line' id='line_1_19' title="bbox 197 1785 1110 1864; baseline 0.001 -16"><span class='ocrx_word' id='word_1_110' title='bbox 197 1785 417 1860; x_wconf 86' lang='lat' dir='ltr'>Camificisque</span> <span class='ocrx_word' id='word_1_111' title='bbox 431 1801 532 1862; x_wconf 88' lang='lat' dir='ltr'>manu,</span> <span class='ocrx_word' id='word_1_112' title='bbox 555 1790 672 1863; x_wconf 92' lang='lat' dir='ltr'>populo</span> <span class='ocrx_word' id='word_1_113' title='bbox 686 1789 861 1864; x_wconf 87' lang='lat' dir='ltr'>plaudente,</span> <span class='ocrx_word' id='word_1_114' title='bbox 884 1787 1025 1861; x_wconf 84' lang='lat' dir='ltr'>traheris,</span> <span class='ocrx_word' id='word_1_115' title='bbox 1108 1836 1110 1842; x_wconf 61' lang='grc'>,</span> 
     </span>
     <span class='ocr_line' id='line_1_20' title="bbox 237 1869 828 1945; baseline 0.003 -17"><span class='ocrx_word' id='word_1_116' title='bbox 237 1869 418 1945; x_wconf 85' lang='lat' dir='ltr'>Infixusque</span> <span class='ocrx_word' id='word_1_117' title='bbox 432 1869 493 1930; x_wconf 88' lang='lat' dir='ltr'>tuis</span> <span class='ocrx_word' id='word_1_118' title='bbox 510 1871 635 1931; x_wconf 91' lang='lat' dir='ltr'>ossibus</span> <span class='ocrx_word' id='word_1_119' title='bbox 650 1887 748 1931; x_wconf 91' lang='lat' dir='ltr'>uncus</span> <span class='ocrx_word' id='word_1_120' title='bbox 763 1872 828 1933; x_wconf 90' lang='lat' dir='ltr'>erit.</span> 
     </span>
     <span class='ocr_line' id='line_1_21' title="bbox 133 1953 1024 2030; baseline -0.007 -13"><span class='ocrx_word' id='word_1_121' title='bbox 133 1966 182 2021; x_wconf 80' lang='lat'>165</span> <span class='ocrx_word' id='word_1_122' title='bbox 194 1955 286 2029; x_wconf 86' lang='lat' dir='ltr'>Ipsae</span> <span class='ocrx_word' id='word_1_123' title='bbox 298 1959 329 2012; x_wconf 90' lang='lat' dir='ltr'>te</span> <span class='ocrx_word' id='word_1_124' title='bbox 343 1954 467 2028; x_wconf 78' lang='lat' dir='ltr'>fugient,</span> <span class='ocrx_word' id='word_1_125' title='bbox 492 1970 573 2028; x_wconf 91' lang='lat' dir='ltr'>quae</span> <span class='ocrx_word' id='word_1_126' title='bbox 587 1962 717 2030; x_wconf 88' lang='lat' dir='ltr'>carpunt</span> <span class='ocrx_word' id='word_1_127' title='bbox 731 1956 841 2028; x_wconf 84' lang='lat' dir='ltr'>omnia,</span> <span class='ocrx_word' id='word_1_128' title='bbox 865 1953 1024 2016; x_wconf 70' lang='lat' dir='ltr'>flammeas</span> 
     </span>
     <span class='ocr_line' id='line_1_22' title="bbox 237 2037 897 2111; baseline -0.003 -13"><span class='ocrx_word' id='word_1_129' title='bbox 237 2039 374 2111; x_wconf 86' lang='lat' dir='ltr'>Respuet</span> <span class='ocrx_word' id='word_1_130' title='bbox 387 2037 520 2097; x_wconf 86' lang='lat' dir='ltr'>invisum</span> <span class='ocrx_word' id='word_1_131' title='bbox 533 2037 614 2097; x_wconf 88' lang='lat' dir='ltr'>insta</span> <span class='ocrx_word' id='word_1_132' title='bbox 629 2039 764 2097; x_wconf 84' lang='lat' dir='ltr'>cadaver</span> <span class='ocrx_word' id='word_1_133' title='bbox 777 2037 897 2098; x_wconf 90' lang='lat' dir='ltr'>humus.</span> 
     </span>
     <span class='ocr_line' id='line_1_23' title="bbox 194 2119 944 2196; baseline 0 -14"><span class='ocrx_word' id='word_1_134' title='bbox 194 2119 354 2194; x_wconf 83' lang='lat' dir='ltr'>Unguibus</span> <span class='ocrx_word' id='word_1_135' title='bbox 369 2127 399 2179; x_wconf 90' lang='lat' dir='ltr'>et</span> <span class='ocrx_word' id='word_1_136' title='bbox 414 2125 517 2179; x_wconf 88' lang='lat' dir='ltr'>rostro</span> <span class='ocrx_word' id='word_1_137' title='bbox 531 2121 637 2180; x_wconf 85' lang='lat' dir='ltr'>tardus</span> <span class='ocrx_word' id='word_1_138' title='bbox 652 2121 753 2181; x_wconf 85' lang='lat' dir='ltr'>trahet</span> <span class='ocrx_word' id='word_1_139' title='bbox 767 2121 820 2180; x_wconf 90' lang='lat' dir='ltr'>ilia</span> <span class='ocrx_word' id='word_1_140' title='bbox 832 2123 944 2196; x_wconf 85' lang='lat' dir='ltr'>vultur,</span> 
     </span>
     <span class='ocr_line' id='line_1_24' title="bbox 236 2202 888 2277; baseline -0.002 -15"><span class='ocrx_word' id='word_1_141' title='bbox 236 2205 274 2262; x_wconf 89' lang='lat' dir='ltr'>Et</span> <span class='ocrx_word' id='word_1_142' title='bbox 288 2203 430 2262; x_wconf 89' lang='lat' dir='ltr'>scindent</span> <span class='ocrx_word' id='word_1_143' title='bbox 443 2202 526 2262; x_wconf 86' lang='lat' dir='ltr'>avidi</span> <span class='ocrx_word' id='word_1_144' title='bbox 541 2203 661 2277; x_wconf 88' lang='lat' dir='ltr'>perfida</span> <span class='ocrx_word' id='word_1_145' title='bbox 676 2203 771 2264; x_wconf 89' lang='lat' dir='ltr'>eorda</span> <span class='ocrx_word' id='word_1_146' title='bbox 785 2219 888 2263; x_wconf 87' lang='lat' dir='ltr'>canes.</span> 
     </span>
     <span class='ocr_line' id='line_1_25' title="bbox 194 2285 998 2361; baseline 0.005 -14"><span class='ocrx_word' id='word_1_147' title='bbox 194 2288 301 2361; x_wconf 87' lang='lat' dir='ltr'>Deque</span> <span class='ocrx_word' id='word_1_148' title='bbox 314 2292 365 2346; x_wconf 91' lang='lat' dir='ltr'>tuo</span> <span class='ocrx_word' id='word_1_149' title='bbox 381 2286 469 2344; x_wconf 87' lang='lat' dir='ltr'>fiet...</span> <span class='ocrx_word' id='word_1_150' title='bbox 483 2286 554 2345; x_wconf 89' lang='lat' dir='ltr'>licet</span> <span class='ocrx_word' id='word_1_151' title='bbox 568 2285 626 2345; x_wconf 90' lang='lat' dir='ltr'>hac</span> <span class='ocrx_word' id='word_1_152' title='bbox 641 2286 685 2346; x_wconf 90' lang='lat' dir='ltr'>sis</span> <span class='ocrx_word' id='word_1_153' title='bbox 702 2285 793 2345; x_wconf 88' lang='lat' dir='ltr'>laude</span> <span class='ocrx_word' id='word_1_154' title='bbox 807 2289 998 2361; x_wconf 80' lang='lat' dir='ltr'>superbus...</span> 
     </span>
     <span class='ocr_line' id='line_1_26' title="bbox 70 2368 791 2444; baseline -0.004 -10"><span class='ocrx_word' id='word_1_155' title='bbox 70 2430 72 2434; x_wconf 12' lang='grc' dir='ltr'><em>Α</em></span> <span class='ocrx_word' id='word_1_156' title='bbox 131 2375 183 2430; x_wconf 84' lang='lat'>170</span> <span class='ocrx_word' id='word_1_157' title='bbox 236 2368 459 2429; x_wconf 87' lang='lat' dir='ltr'>Insatiabilibus</span> <span class='ocrx_word' id='word_1_158' title='bbox 474 2383 604 2444; x_wconf 89' lang='lat' dir='ltr'>corpore</span> <span class='ocrx_word' id='word_1_159' title='bbox 618 2369 687 2429; x_wconf 89' lang='lat' dir='ltr'>rixa</span> <span class='ocrx_word' id='word_1_160' title='bbox 699 2369 791 2444; x_wconf 85' lang='lat' dir='ltr'>lupis.</span> 
     </span>
     <span class='ocr_line' id='line_1_27' title="bbox 194 2451 938 2530; baseline 0.005 -18"><span class='ocrx_word' id='word_1_161' title='bbox 194 2455 227 2512; x_wconf 94' lang='lat' dir='ltr'>In</span> <span class='ocrx_word' id='word_1_162' title='bbox 242 2455 312 2512; x_wconf 88' lang='lat' dir='ltr'>loca</span> <span class='ocrx_word' id='word_1_163' title='bbox 327 2452 365 2511; x_wconf 92' lang='lat' dir='ltr'>ab</span> <span class='ocrx_word' id='word_1_164' title='bbox 379 2451 495 2530; x_wconf 82' lang='lat' dir='ltr'>Elysiis</span> <span class='ocrx_word' id='word_1_165' title='bbox 512 2452 637 2513; x_wconf 84' lang='lat' dir='ltr'>diversa</span> <span class='ocrx_word' id='word_1_166' title='bbox 651 2453 797 2528; x_wconf 82' lang='lat' dir='ltr'>lugebere</span> <span class='ocrx_word' id='word_1_167' title='bbox 811 2456 938 2530; x_wconf 90' lang='lat' dir='ltr'>eampis,</span> 
     </span>
     <span class='ocr_line' id='line_1_28' title="bbox 237 2535 923 2612; baseline 0.006 -19"><span class='ocrx_word' id='word_1_168' title='bbox 237 2535 382 2610; x_wconf 91' lang='lat' dir='ltr'>Quasque</span> <span class='ocrx_word' id='word_1_169' title='bbox 396 2541 479 2596; x_wconf 88' lang='lat' dir='ltr'>tenet</span> <span class='ocrx_word' id='word_1_170' title='bbox 493 2537 586 2596; x_wconf 89' lang='lat' dir='ltr'>sedes</span> <span class='ocrx_word' id='word_1_171' title='bbox 601 2536 695 2596; x_wconf 89' lang='lat' dir='ltr'>noxia</span> <span class='ocrx_word' id='word_1_172' title='bbox 709 2535 805 2612; x_wconf 91' lang='lat' dir='ltr'>turba,</span> <span class='ocrx_word' id='word_1_173' title='bbox 828 2541 923 2599; x_wconf 86' lang='lat' dir='ltr'>coles.</span> 
     </span>
     <span class='ocr_line' id='line_1_29' title="bbox 195 2617 1018 2698; baseline 0.005 -18"><span class='ocrx_word' id='word_1_174' title='bbox 195 2617 351 2697; x_wconf 82' lang='lat' dir='ltr'>Sisyphus</span> <span class='ocrx_word' id='word_1_175' title='bbox 365 2620 488 2680; x_wconf 91' lang='lat' dir='ltr'>estillic</span> <span class='ocrx_word' id='word_1_176' title='bbox 502 2636 613 2680; x_wconf 88' lang='lat' dir='ltr'>saxum</span> <span class='ocrx_word' id='word_1_177' title='bbox 628 2621 821 2697; x_wconf 90' lang='lat' dir='ltr'>volvensque</span> <span class='ocrx_word' id='word_1_178' title='bbox 835 2629 1018 2698; x_wconf 89' lang='lat' dir='ltr'>petensque,</span> 
     </span>
     <span class='ocr_line' id='line_1_30' title="bbox 236 2702 1000 2780; baseline 0.007 -19"><span class='ocrx_word' id='word_1_179' title='bbox 236 2702 355 2778; x_wconf 81' lang='lat' dir='ltr'>Quique</span> <span class='ocrx_word' id='word_1_180' title='bbox 370 2703 469 2778; x_wconf 84' lang='lat' dir='ltr'>agitur</span> <span class='ocrx_word' id='word_1_181' title='bbox 484 2704 613 2780; x_wconf 89' lang='lat' dir='ltr'>rapidae</span> <span class='ocrx_word' id='word_1_182' title='bbox 627 2706 747 2765; x_wconf 90' lang='lat' dir='ltr'>vinctus</span> <span class='ocrx_word' id='word_1_183' title='bbox 763 2705 801 2764; x_wconf 91' lang='lat' dir='ltr'>ab</span> <span class='ocrx_word' id='word_1_184' title='bbox 817 2705 892 2766; x_wconf 89' lang='lat' dir='ltr'>orbe</span> <span class='ocrx_word' id='word_1_185' title='bbox 904 2713 1000 2780; x_wconf 90' lang='lat' dir='ltr'>rotae,</span> 
     </span>
     <span class='ocr_line' id='line_1_31' title="bbox 130 2788 1039 2864; baseline 0 -13"><span class='ocrx_word' id='word_1_186' title='bbox 130 2798 182 2854; x_wconf 79' lang='lat'>175</span> <span class='ocrx_word' id='word_1_187' title='bbox 194 2788 339 2862; x_wconf 80' lang='lat' dir='ltr'>Quaeque</span> <span class='ocrx_word' id='word_1_188' title='bbox 353 2794 463 2861; x_wconf 87' lang='lat' dir='ltr'>gerunt</span> <span class='ocrx_word' id='word_1_189' title='bbox 476 2788 610 2849; x_wconf 91' lang='lat' dir='ltr'>humeris</span> <span class='ocrx_word' id='word_1_190' title='bbox 625 2790 776 2864; x_wconf 91' lang='lat' dir='ltr'>perituras</span> <span class='ocrx_word' id='word_1_191' title='bbox 788 2788 913 2849; x_wconf 88' lang='lat' dir='ltr'>Belides</span> <span class='ocrx_word' id='word_1_192' title='bbox 928 2790 1039 2864; x_wconf 77' lang='lat' dir='ltr'>undas,</span> 
     </span>
     <span class='ocr_line' id='line_1_32' title="bbox 234 2871 888 2948; baseline 0 -18"><span class='ocrx_word' id='word_1_193' title='bbox 234 2871 341 2931; x_wconf 81' lang='lat' dir='ltr'>Exulis</span> <span class='ocrx_word' id='word_1_194' title='bbox 357 2871 501 2948; x_wconf 79' lang='lat' dir='ltr'>Aegypti,</span> <span class='ocrx_word' id='word_1_195' title='bbox 524 2872 612 2931; x_wconf 90' lang='lat' dir='ltr'>turba</span> <span class='ocrx_word' id='word_1_196' title='bbox 627 2879 760 2945; x_wconf 90' lang='lat' dir='ltr'>cruenta,</span> <span class='ocrx_word' id='word_1_197' title='bbox 783 2886 888 2932; x_wconf 88' lang='lat' dir='ltr'>nurus.</span> 
     </span>
     <span class='ocr_line' id='line_1_33' title="bbox 192 2955 1007 3031; baseline 0.004 -16"><span class='ocrx_word' id='word_1_198' title='bbox 192 2956 287 3015; x_wconf 89' lang='lat' dir='ltr'>Poma</span> <span class='ocrx_word' id='word_1_199' title='bbox 300 2960 388 3030; x_wconf 90' lang='lat' dir='ltr'>pater</span> <span class='ocrx_word' id='word_1_200' title='bbox 400 2955 524 3030; x_wconf 88' lang='lat' dir='ltr'>Pelopis</span> <span class='ocrx_word' id='word_1_201' title='bbox 538 2957 712 3031; x_wconf 89' lang='lat' dir='ltr'>praesentia</span> <span class='ocrx_word' id='word_1_202' title='bbox 728 2957 854 3030; x_wconf 87' lang='lat' dir='ltr'>quaerit,</span> <span class='ocrx_word' id='word_1_203' title='bbox 881 2963 912 3016; x_wconf 89' lang='lat' dir='ltr'>et</span> <span class='ocrx_word' id='word_1_204' title='bbox 925 2957 1007 3018; x_wconf 90' lang='lat' dir='ltr'>idem</span> 
     </span>
     <span class='ocr_line' id='line_1_34' title="bbox 235 3039 1017 3116; baseline 0 -19"><span class='ocrx_word' id='word_1_205' title='bbox 235 3039 364 3114; x_wconf 88' lang='lat' dir='ltr'>Semper</span> <span class='ocrx_word' id='word_1_206' title='bbox 381 3045 458 3114; x_wconf 88' lang='lat' dir='ltr'>eget,</span> <span class='ocrx_word' id='word_1_207' title='bbox 482 3039 606 3113; x_wconf 92' lang='lat' dir='ltr'>liquidis</span> <span class='ocrx_word' id='word_1_208' title='bbox 621 3054 746 3114; x_wconf 87' lang='lat' dir='ltr'>semper</span> <span class='ocrx_word' id='word_1_209' title='bbox 761 3039 898 3100; x_wconf 88' lang='lat' dir='ltr'>abundat</span> <span class='ocrx_word' id='word_1_210' title='bbox 911 3041 1017 3116; x_wconf 75' lang='lat' dir='ltr'>aquis:</span> 
     </span>
     <span class='ocr_line' id='line_1_35' title="bbox 192 3122 1009 3199; baseline 0.009 -19"><span class='ocrx_word' id='word_1_211' title='bbox 192 3122 414 3197; x_wconf 79' lang='lat' dir='ltr'>Iugeribusque</span> <span class='ocrx_word' id='word_1_212' title='bbox 429 3138 542 3184; x_wconf 90' lang='lat' dir='ltr'>novem</span> <span class='ocrx_word' id='word_1_213' title='bbox 556 3139 693 3184; x_wconf 90' lang='lat' dir='ltr'>summus</span> <span class='ocrx_word' id='word_1_214' title='bbox 710 3122 762 3198; x_wconf 91' lang='lat' dir='ltr'>qui</span> <span class='ocrx_word' id='word_1_215' title='bbox 778 3123 870 3184; x_wconf 88' lang='lat' dir='ltr'>distat</span> <span class='ocrx_word' id='word_1_216' title='bbox 883 3123 923 3184; x_wconf 88' lang='lat' dir='ltr'>ab</span> <span class='ocrx_word' id='word_1_217' title='bbox 937 3126 1009 3199; x_wconf 89' lang='lat' dir='ltr'>imo,</span> 
     </span>
     <span class='ocr_line' id='line_1_36' title="bbox 130 3205 917 3282; baseline -0.001 -15"><span class='ocrx_word' id='word_1_218' title='bbox 130 3214 182 3267; x_wconf 76' lang='lat'>180</span> <span class='ocrx_word' id='word_1_219' title='bbox 235 3205 425 3280; x_wconf 89' lang='lat' dir='ltr'>Visceraque</span> <span class='ocrx_word' id='word_1_220' title='bbox 440 3207 586 3267; x_wconf 91' lang='lat' dir='ltr'>assiduae</span> <span class='ocrx_word' id='word_1_221' title='bbox 600 3207 703 3269; x_wconf 91' lang='lat' dir='ltr'>debita</span> <span class='ocrx_word' id='word_1_222' title='bbox 716 3206 844 3282; x_wconf 88' lang='lat' dir='ltr'>praebet</span> <span class='ocrx_word' id='word_1_223' title='bbox 858 3207 917 3266; x_wconf 87' lang='lat' dir='ltr'>avi.</span> 
     </span>
     <span class='ocr_line' id='line_1_37' title="bbox 193 3288 1088 3366; baseline 0.003 -17"><span class='ocrx_word' id='word_1_224' title='bbox 193 3288 249 3349; x_wconf 76' lang='lat' dir='ltr'>Ille</span> <span class='ocrx_word' id='word_1_225' title='bbox 263 3289 317 3347; x_wconf 89' lang='lat' dir='ltr'>tibi</span> <span class='ocrx_word' id='word_1_226' title='bbox 332 3290 372 3349; x_wconf 95' lang='lat' dir='ltr'>de</span> <span class='ocrx_word' id='word_1_227' title='bbox 385 3289 483 3351; x_wconf 88' lang='lat' dir='ltr'>Furiis</span> <span class='ocrx_word' id='word_1_228' title='bbox 499 3290 619 3351; x_wconf 90' lang='lat' dir='ltr'>scindet</span> <span class='ocrx_word' id='word_1_229' title='bbox 632 3291 712 3351; x_wconf 86' lang='lat' dir='ltr'>latus</span> <span class='ocrx_word' id='word_1_230' title='bbox 727 3307 788 3351; x_wconf 91' lang='lat' dir='ltr'>una</span> <span class='ocrx_word' id='word_1_231' title='bbox 801 3289 935 3366; x_wconf 84' lang='lat' dir='ltr'>flagella,</span> <span class='ocrx_word' id='word_1_232' title='bbox 1049 3309 1053 3316; x_wconf 82' lang='grc'><strong>’</strong></span> <span class='ocrx_word' id='word_1_233' title='bbox 1083 3301 1088 3309; x_wconf 93' lang='grc'><strong>’</strong></span> 
     </span>
     <span class='ocr_line' id='line_1_38' title="bbox 234 3370 828 3435; baseline 0.002 -5"><span class='ocrx_word' id='word_1_234' title='bbox 234 3370 273 3430; x_wconf 85' lang='lat' dir='ltr'>Ut</span> <span class='ocrx_word' id='word_1_235' title='bbox 288 3373 413 3431; x_wconf 90' lang='lat' dir='ltr'>sceleris</span> <span class='ocrx_word' id='word_1_236' title='bbox 429 3389 573 3435; x_wconf 90' lang='lat' dir='ltr'>numeros</span> <span class='ocrx_word' id='word_1_237' title='bbox 591 3375 757 3434; x_wconf 73' lang='lat' dir='ltr'>confiteare</span> <span class='ocrx_word' id='word_1_238' title='bbox 771 3373 828 3434; x_wconf 78' lang='lat' dir='ltr'>tul:</span> 
     </span>
     <span class='ocr_line' id='line_1_39' title="bbox 192 3454 955 3532; baseline 0.008 -19"><span class='ocrx_word' id='word_1_239' title='bbox 192 3454 297 3513; x_wconf 85' lang='lat' dir='ltr'>Altera</span> <span class='ocrx_word' id='word_1_240' title='bbox 311 3454 460 3515; x_wconf 86' lang='lat' dir='ltr'>Tartareis</span> <span class='ocrx_word' id='word_1_241' title='bbox 476 3463 578 3518; x_wconf 90' lang='lat' dir='ltr'>sectos</span> <span class='ocrx_word' id='word_1_242' title='bbox 594 3456 680 3517; x_wconf 89' lang='lat' dir='ltr'>dabit</span> <span class='ocrx_word' id='word_1_243' title='bbox 693 3455 844 3532; x_wconf 88' lang='lat' dir='ltr'>anguibus</span> <span class='ocrx_word' id='word_1_244' title='bbox 860 3465 955 3519; x_wconf 88' lang='lat' dir='ltr'>artus·</span> 
     </span>
    </p>
   </div>
   <div class='ocr_carea' id='block_1_3' title="bbox 0 0 1164 3960">
    <p class='ocr_par' dir='ltr' id='par_1_3' title="bbox 0 0 1164 3960">
     <span class='ocr_line' id='line_1_40' title="bbox 0 0 1164 3960; baseline 0 1"><span class='ocrx_word' id='word_1_245' title='bbox 0 0 1164 3960; x_wconf 95' lang='lat' dir='ltr'> </span> 
     </span>
    </p>
   </div>
  </div>
 </body>
</html>
