2318 3960
367 198 369 201 ’
430 246 470 321 n,
495 244 671 310 rer-eam
993 245 1056 311 ate

52 408 108 463 808
123 401 220 460 lnstat
234 415 340 459 amans
355 398 454 459 hostis
470 398 622 474 precibus,
646 400 815 474 pretioque,
836 400 1003 475 minisque·

163 482 227 541 Nec
242 498 343 558 prece,
359 499 416 542 nec
432 483 538 557 pretio,
557 498 613 541 nec
628 489 732 544 movet
745 484 795 542 ille
809 484 909 544 minis.

122 565 183 624 ‘Nil
198 566 280 640 agis!
303 566 442 641 eripiam’
458 566 533 625 dixit
547 571 615 640 ‘per
630 566 755 626 crimina
768 567 877 627 vitam:
979 592 980 595 ¹

162 648 272 709 Falsus
287 649 427 710 adulterii
446 650 532 713 testis
548 650 667 709 adulter
681 666 744 710 ero.

122 727 296 792 Interimam
311 734 471 808 famulum,
493 749 562 793 eum
578 750 638 808 quo
655 733 811 809 deprensa
825 737 954 795 teneris!

49 825 108 880 810
166 816 331 877 Succubuit
351 818 451 877 lamae
464 817 545 876 victa
560 817 662 891 puella
675 825 767 878 metu,

124 900 219 975 Quid,
241 900 352 975 victor,
374 900 514 974 gaudes?
534 901 610 959 haec
624 907 655 959 te
669 902 797 963 victoria
811 904 927 978 perdet.

164 985 232 1044 Heu
238 991 360 1059 quanto
375 984 478 1058 regnis
492 999 555 1044 nox
573 984 654 1043 stetit
668 1002 729 1044 una
742 987 819 1046 tuis!

121 1068 249 1141 Iamque
265 1074 331 1127 erat
346 1074 413 1126 orta
428 1067 505 1128 dies.
541 1068 645 1142 passis
662 1068 750 1129 sedet
764 1069 817 1129 illa
831 1069 959 1143 capillis,

164 1153 204 1212 Ut
219 1153 299 1211 solet
313 1151 353 1210 ad
368 1151 430 1210 nati
445 1158 541 1210 mater
557 1151 634 1210 itura
647 1166 773 1226 rogum:

49 1243 107 1297 815
124 1234 401 1308 Grandaevumque
416 1240 533 1309 patrem
546 1233 610 1294 fido
627 1250 696 1294 cum
712 1236 843 1310 coniuge
858 1235 965 1296 castris

162 1319 289 1378 Evocat.
326 1325 356 1377 et
370 1318 472 1393 posita
486 1317 569 1377 venit
583 1326 712 1393 uterque
726 1335 822 1378 mora.

122 1403 225 1476 thue
240 1402 346 1461 vident
359 1401 509 1475 habitum,
533 1419 612 1476 quae
629 1405 729 1462 luctus
743 1418 854 1475 causa,
870 1402 1037 1478 requirunt,

165 1485 219 1545 Cui
234 1487 321 1560 paret
335 1486 503 1560 exequias,
528 1501 630 1561 quove
646 1486 686 1546 sit
700 1486 758 1547 icta
773 1486 877 1546 malo?

124 1570 179 1629 Illa
194 1568 246 1628 diu
260 1570 381 1643 reticet,
404 1569 647 1644 pudibundaque
665 1571 743 1630 celat
757 1570 869 1629 amictu

52 1666 110 1721 820
167 1651 236 1711 Ora.
267 1650 365 1714 fluunt
379 1653 522 1713 lacrimae
536 1670 621 1714 more
636 1654 780 1728 perennis
796 1669 904 1728 aquae.

123 1736 202 1796 Hinc
217 1743 318 1812 pater,
339 1737 410 1797 hinc
426 1737 559 1797 coniunx
574 1738 716 1798 lacrimas
731 1738 883 1811 solantur,
906 1743 935 1796 et
950 1742 1037 1796 orant

164 1820 296 1894 indicet,
318 1828 348 1881 et
362 1836 455 1880 caeco
471 1821 606 1896 flentque
621 1828 795 1896 paventque
809 1828 901 1881 metu.

124 1904 182 1964 Ter
197 1909 307 1964 conata
322 1904 421 1979 loqui,
442 1912 487 1964 ter
502 1904 624 1965 destitit.
658 1919 797 1979 ausaque
813 1911 930 1979 quarto,

166 1988 233 2047 Non
254 1989 362 2048 oculos
376 1989 446 2048 ideo
463 1989 584 2047 sustulit
599 1988 649 2047 illa
665 2003 750 2047 suos.

50 2082 108 2137 825
123 2072 203 2132 ‘Hoc
219 2087 343 2146 quoque
357 2071 520 2147 Tarquinio
536 2070 738 2130 debebimus?
758 2071 905 2145 eloquar?
921 2069 1027 2146 inquit,

167 2154 315 2229 ‘Eloquar
328 2155 433 2214 inlelix
448 2155 585 2215 dedecus
600 2155 671 2230 ipsa
684 2159 821 2214 meumt’

126 2238 271 2312 Quaeque
286 2244 402 2313 petest,
425 2245 536 2297 narrat.
573 2238 730 2298 restabant
750 2238 863 2298 ultima.
902 2236 996 2310 ilevit,
1054 2315 1062 2321 ἠ

165 2323 203 2382 Et
217 2322 401 2382 matronales
417 2322 566 2382 crubuere
581 2338 690 2398 genae.

124 2406 204 2466 Dant
217 2406 338 2465 veniam
353 2406 433 2465 iacto
449 2407 567 2479 genitor
583 2405 779 2481 coniunxque
795 2412 929 2465 coactae.

50 2499 107 2556 830
167 2489 286 2563 ‘Quam’
303 2490 378 2549 dixit
393 2489 525 2548 ‘veniam
540 2506 598 2549 vos
614 2490 709 2563 datis,
730 2490 800 2565 ipsa
814 2491 918 2563 nego!

125 2573 188 2634 Nec
203 2590 302 2644 mora,
326 2574 424 2632 celato
440 2572 506 2631 lixit
521 2589 578 2632 sua
592 2580 720 2646 pectora
734 2574 825 2643 ferro,

163 2658 202 2716 ut
219 2657 300 2716 cadit
314 2657 344 2714 in
361 2655 476 2730 patrios
492 2657 726 2730 sanguinulenta
741 2656 848 2729 pedes.

124 2741 208 2801 Tunc
221 2755 353 2816 quoque,
370 2741 429 2798 iam
440 2739 582 2814 moriens,
599 2754 638 2798 ne
649 2755 711 2798 non
724 2740 905 2813 procumbat
914 2740 1051 2814 honeste,

165 2824 311 2899 Respicit.
345 2824 422 2882 haec
445 2822 534 2882 etiam
549 2838 623 2882 cura
642 2820 780 2881 cadentis
795 2829 869 2882 erat.

52 2918 107 2972 885
123 2908 203 2966 Ecce
219 2923 314 2983 super
328 2923 442 2981 corpus
459 2906 631 2967 communia
646 2905 758 2964 damna
771 2912 938 2978 gementes,

164 2990 254 3050 Obliti
271 2990 408 3063 decoriS,
424 2991 532 3065 vIrque
547 2998 695 3066 paterque
710 2988 819 3048 iacent.

121 3074 232 3133 Brutus
248 3074 352 3148 adest,
372 3074 557 3148 tandemque
571 3075 672 3133 animo
688 3088 744 3131 sua
759 3071 882 3132 nomina
897 3073 980 3146 fallit,

163 3157 300 3232 Fixaque
320 3157 489 3217 semianimi
505 3173 636 3232 corpore
652 3157 711 3215 tela
724 3155 812 3231 rapit,

124 3240 355 3316 Stillantemque
373 3249 481 3301 tenens
495 3255 647 3316 generoso
663 3239 814 3313 sauguine
828 3239 954 3300 cultrum

52 3334 109 3390 840
162 3324 265 3385 Edidit
279 3325 453 3400 impavidos
469 3340 522 3383 ore
537 3323 671 3383 minante
685 3339 799 3383 sonos:

124 3408 193 3468 ‘Per
211 3408 265 3468 tibi
280 3425 338 3484 ego
353 3408 435 3469 hunc
449 3409 514 3468 iuro
530 3407 640 3466 fortem
654 3411 834 3481 castumque
850 3421 997 3478 cruorem,

165 3492 285 3568 Perque
298 3498 369 3553 tuos
383 3508 504 3566 manes,
520 3490 572 3566 qui
584 3490 656 3550 mihi
671 3505 781 3549 numen
794 3496 890 3608 erunt,

241 3615 243 3619 ι
792 3581 825 3633 16
874 3581 877 3586 ’
