2318 3960
98 221 160 287 208
479 217 733 282 FASTORUM

52 339 55 343 ἡ
116 386 170 440 255
183 375 342 437 Presserat
359 389 414 434 ora
429 373 516 433 deus.
546 373 629 432 Tunc
643 372 688 431 sic
703 387 761 446 ego
778 376 885 431 nostra
898 367 1027 446 recolui,

221 460 309 520 Voce
324 473 393 517 mea
409 472 503 517 voces
519 457 657 517 eliciente
673 455 736 515 dei:

179 544 266 605 ‘Cum
281 551 325 604 tot
340 542 495 614 simiam,
511 557 566 601 cur
584 548 649 602 stas
665 546 802 600 sacratus
818 539 848 598 in
867 553 942 612 uno,

221 628 278 687 Hic
292 626 345 688 ubi
364 625 466 685 iuncta
480 625 555 686 ioris
570 625 683 699 templa
698 622 819 684 duobus
838 621 971 684 habest’

179 713 234 772 llle
254 726 347 771 manu
360 711 498 770 mulcens
509 725 684 784 propexam
699 709 738 767 ad
754 714 880 782 pectora
893 707 1032 784 barbam,

116 813 169 867 200
223 795 364 854 Protinus
383 791 499 853 Oebalii
515 793 628 854 rettulit
643 808 728 852 arma
741 792 816 865 Tati,

181 878 285 954 thue
298 878 376 937 levis
393 884 512 950 custos
529 877 654 936 armillis
670 882 775 951 capta,
791 873 925 935 Sabinos

224 963 274 1022 Ad
289 977 427 1022 summae
441 962 551 1020 tacitos
570 962 692 1021 duxerit
704 961 784 1020 arcis
799 960 865 1018 iter.

181 1048 282 1119 ‘Inde,
298 1046 383 1105 velut
398 1060 477 1105 nunc
491 1051 552 1117 est,
569 1061 626 1120 per
645 1061 737 1119 quem
753 1041 970 1118 descenditis,’
985 1041 1081 1120 inquit

223 1131 359 1190 ‘Arduus
376 1130 406 1188 in
420 1130 517 1189 valles
533 1145 589 1203 per
603 1130 670 1188 lora
684 1128 780 1188 clivus
798 1134 872 1187 erat.

117 1225 168 1280 265
182 1216 219 1274 El
234 1215 293 1272 iam
309 1214 476 1287 contigerat
490 1220 625 1288 portam,
642 1212 784 1273 Saturnia
798 1212 885 1271 cuius

221 1299 404 1372 Dempserat
420 1298 581 1372 oppositas
597 1297 748 1358 insidiosa
768 1312 864 1356 seras.

181 1382 256 1443 Cum
272 1388 356 1441 tanto
370 1380 486 1441 veritus
503 1381 690 1441 committere
703 1382 826 1440 numine
841 1395 987 1455 pugnam,

221 1467 294 1541 lpse
309 1481 396 1525 meae
410 1465 492 1525 movi
508 1465 637 1525 callidus
654 1465 728 1526 artis
744 1480 832 1539 opus,

182 1550 318 1626 Oraque,
338 1565 398 1625 qua
417 1550 537 1623 pollens
555 1565 616 1624 ope
631 1567 713 1623 sum,
730 1549 855 1608 fontana
868 1547 992 1622 reclusi,

116 1644 169 1700 alc
226 1634 363 1708 Sumque
376 1635 553 1707 repentinas
569 1634 738 1692 eiaculatus
754 1648 864 1707 aquas.

180 1719 259 1778 Ante
273 1725 374 1778 tamen
388 1716 520 1776 madidis
536 1716 653 1777 subieci
668 1715 931 1792 sulphuravenis,

222 1801 382 1863 Clauderet
396 1806 430 1860 ut
441 1801 526 1860 Tatio
543 1802 680 1861 fervidus
696 1801 805 1861 humor
819 1801 885 1859 iter.

181 1886 273 1946 Cuius
287 1893 320 1946 ut
334 1883 447 1945 utilitas
464 1886 563 1960 pulsis
578 1891 725 1960 percepta
739 1883 872 1959 Sabinis,

222 1971 305 2044 Quae
320 1971 433 2041 iuerat,
451 1976 513 2030 tuto
528 1970 648 2029 reddita
668 1970 767 2029 forma
781 1969 850 2028 loco
867 1975 925 2028 est.

117 2062 167 2117 275
183 2057 247 2113 Ara
264 2054 336 2113 mihi
351 2053 453 2127 posita
468 2060 516 2113 est
529 2070 625 2128 parvo
643 2054 805 2114 coniuncta
820 2054 954 2113 sacello=

221 2138 304 2198 llaec
324 2137 428 2197 adolet
442 2137 573 2196 flammis
594 2154 663 2198 cum
678 2146 762 2198 strue
777 2139 858 2196 iarra
873 2135 964 2197 suis!

180 2226 232 2280 ‘At
246 2238 300 2280 cur
314 2237 391 2295 pace
408 2222 501 2292 lates,
523 2223 676 2295 motisque
695 2221 866 2281 recluderis
886 2220 1014 2280 armist’

219 2305 282 2363 Nee
297 2320 397 2377 mora,
415 2304 545 2378 quaesiti
564 2306 684 2366 reddita
698 2320 793 2365 causa
811 2303 885 2364 mihi
900 2311 957 2364 est.

181 2388 231 2447 ‘Ut
246 2388 362 2462 populo
378 2387 494 2449 reditus
511 2396 633 2463 pateant
647 2389 687 2448 ad
701 2389 784 2448 bella
797 2388 949 2464 proiecta,

116 2474 167 2529 280
221 2472 297 2530 Tota
312 2477 395 2545 patet
411 2471 535 2547 dempta
551 2473 643 2532 ianua
663 2480 768 2532 nostra
783 2487 863 2533 sera.

178 2556 257 2615 Pace
272 2556 355 2614 iores
372 2554 469 2628 abdo,
489 2573 528 2615 nc
545 2573 606 2631 qua
621 2557 783 2616 discedere
799 2557 914 2631 possit:

220 2640 433 2714 Caesareoque
452 2641 504 2700 diu
523 2640 646 2700 nomine
662 2641 765 2700 clusus
782 2645 858 2700 ero.’

181 2724 276 2798 Dixit,
296 2731 327 2782 et
346 2725 487 2783 attollens
506 2726 614 2784 oculos
630 2725 755 2784 diversa
770 2732 902 2796 tuentes,

220 2808 352 2883 Aspexit
368 2815 431 2866 toto
450 2808 598 2884 quicquid
613 2808 644 2867 in
660 2809 734 2868 orbe
750 2809 813 2870 luit.

115 2904 167 2956 285
181 2891 245 2951 Pax
262 2899 335 2951 crat.
365 2898 395 2951 et
412 2893 523 2965 vestri,
542 2892 737 2966 Germanice,
754 2909 851 2953 causa
865 2891 1021 2970 triumphi,

217 2975 396 3035 Tradiderat
411 2975 541 3036 famulas
558 2977 618 3037 iam
631 2977 684 3037 tibi
699 2977 826 3037 Rhenus
847 2993 957 3053 aquas.

181 3059 266 3130 lane,
283 3060 352 3119 sace
366 3066 509 3119 aeternos
526 3077 634 3136 pacem
648 3061 800 3137 pacisque
814 3061 981 3136 ministros,

218 3143 303 3202 Neve
317 3161 420 3216 suum,
436 3151 574 3219 praesta,
592 3145 715 3205 deserat
729 3152 837 3205 auctor
851 3160 942 3220 opus.

182 3225 270 3299 Quod
284 3236 384 3287 tamen
401 3244 440 3287 ex
454 3227 532 3303 ipsis
549 3229 633 3289 licuit
649 3229 722 3288 mihi
738 3229 861 3290 discere
875 3229 976 3301 lastis,

116 3315 168 3368 290
225 3309 394 3371 Sacravcre
409 3319 513 3387 patres
534 3314 593 3373 hac
608 3314 669 3373 duc
685 3314 801 3389 templa
816 3313 877 3373 die.

176 3393 306 3468 Accepit
318 3394 443 3455 Phoebo
461 3397 661 3475 nymphaque
678 3397 830 3458 Coronide
845 3405 950 3458 natum

223 3477 339 3550 insula,
362 3479 487 3539 dividua
504 3498 597 3554 quam
611 3482 721 3557 premit
740 3481 837 3542 amnis
860 3496 949 3556 aqua.
979 3506 982 3511 >
