2318 3960
97 219 139 282 30
494 219 718 282 TRISTIUM

117 379 167 434 310
220 371 257 431 Et
268 372 346 452 laiso
361 373 443 432 movi
457 378 566 446 pectus
581 384 685 428 amore
699 384 807 431 meum.

178 455 244 516 lton
259 456 403 530 equidem
419 455 538 515 vellem.
571 452 628 512 sed
645 468 693 511 me
708 468 777 514 mea
791 456 853 514 fata
866 453 1036 528 trahebant,

220 539 316 613 Inque
330 554 414 597 meas
430 553 547 613 poenas
562 535 740 610 ingen-iosus
756 553 848 598 eram.

177 622 212 681 Ei
226 622 307 696 mihi,
331 622 415 697 quod
430 621 531 695 didici,
556 619 640 694 quod
653 635 702 679 me
717 621 850 682 docuere
864 627 1016 696 parentes,

217 706 391 779 Litteraque
405 712 454 765 est
468 707 576 765 oculos
591 705 652 763 ulla
667 713 784 765 morata
798 711 899 764 meos!

115 796 166 852 345
177 789 260 849 Haec
273 787 327 847 tibi
344 804 392 847 me
407 789 539 849 invisum
553 786 680 847 lascivia
695 787 773 861 lecit,
796 788 835 848 ob
850 788 951 862 Artes,

220 871 300 945 Quas
315 879 398 932 ratus
414 888 448 931 es
464 873 575 932 vetitos
590 870 775 932 sollicitasse
791 879 887 932 toros.
935 908 941 917 ·
995 914 1006 937 .

176 954 239 1015 Sed
254 971 355 1028 neque
369 971 417 1015 me
432 963 545 1031 nuptae
560 955 730 1014 didicerunt
747 955 825 1015 turta
839 954 994 1031 magistro,

216 1037 363 1113 Quodque
379 1056 486 1114 parum
501 1039 593 1113 novit,
615 1054 704 1098 nemo
720 1040 832 1099 docere
848 1046 956 1114 potest.

177 1121 227 1181 Sic
243 1136 300 1196 ego
317 1122 444 1182 delicias
460 1129 489 1181 et
503 1123 606 1183 mollia
621 1124 754 1181 carmina
769 1122 835 1194 loci,

113 1213 165 1267 350
217 1203 376 1265 Strinxerit
391 1212 422 1264 ut
435 1221 545 1266 nomen
562 1206 664 1266 tabula
678 1207 760 1265 nulla
775 1221 882 1266 meum.

177 1289 238 1348 Nec
253 1289 417 1364 quisquam
433 1298 480 1350 est
494 1290 573 1350 adeo
588 1290 688 1350 media
703 1290 742 1348 de
757 1289 845 1364 plebe
861 1288 994 1362 maritus,

214 1371 254 1432 Ut
268 1372 379 1433 dubius
394 1374 468 1434 vitio
484 1374 523 1434 sit
538 1381 625 1448 pater
638 1374 688 1433 ille
703 1388 781 1434 meo.

176 1455 273 1514 Crede
287 1456 368 1528 mihi,
392 1458 504 1516 distant
519 1473 621 1518 mores
636 1474 655 1516 a
671 1457 804 1516 carmine
819 1462 939 1516 nostro:

216 1539 287 1598 Vita
300 1541 473 1599 verecunda
489 1547 544 1614 est,
564 1541 653 1599 Musa
669 1541 775 1599 iocosa
790 1555 865 1612 mea,

113 1631 163 1684 355
174 1622 347 1697 Magnaque
362 1639 435 1697 pars
452 1637 579 1698 operum
593 1624 725 1682 mendax
740 1632 770 1683 et
784 1623 855 1683 ficta
869 1639 1004 1683 meorum

214 1705 284 1764 Plus
299 1704 358 1764 sibi
373 1707 510 1780 permisit
525 1707 730 1782 compositore
748 1723 814 1767 sun.

172 1788 235 1847 Nec
249 1787 326 1848 liber
339 1788 485 1849 indicium
500 1797 546 1850 est
560 1791 659 1863 animi,
683 1791 740 1850 sed
753 1791 882 1851 honesta
897 1791 1046 1866 voluptasv

217 1871 349 1931 Plurima
363 1874 532 1934 mulcendis
548 1875 670 1956 auribus
687 1880 758 1949 apta
772 1874 883 1933 ferens.

173 1955 286 2014 Accius
302 1964 386 2016 esset
400 1964 496 2030 atrox,
519 1958 649 2018 conviva
662 1958 819 2018 Terentius
835 1965 926 2030 esset,

111 2046 164 2100 350
214 2038 327 2098 Essent
342 2055 497 2114 pugnaces
514 2043 565 2117 qui
580 2043 644 2100 tera
658 2041 739 2100 bella
753 2047 873 2101 canunt.

170 2122 310 2197 Denique
325 2125 485 2197 composui
499 2131 622 2196 teneros
637 2139 698 2183 non
714 2126 800 2183 solus
815 2139 952 2185 amores:

100 2279 102 2282 ι
216 2205 392 2279 Composito
408 2223 525 2281 poenas
541 2207 627 2267 solus
643 2221 747 2266 amore
762 2207 843 2266 dedi.

173 2287 258 2361 Quid,
280 2289 338 2346 nisi
354 2303 422 2347 cum
436 2291 528 2349 multo
544 2291 695 2348 Venerem
710 2291 896 2349 contundere
914 2290 994 2364 vino,

213 2371 373 2446 Praecepit
386 2373 475 2448 lyrici
489 2373 562 2432 Teia
575 2373 664 2432 Musa
679 2373 783 2432 senist

109 2462 160 2518 365
171 2454 283 2514 Lesbia
298 2455 371 2528 quid
384 2456 488 2517 docuit
502 2456 638 2532 Sappho,
662 2457 721 2516 nisi
737 2471 838 2515 amare
853 2457 993 2531 puellast

213 2539 288 2597 Tuta
303 2544 403 2597 tamen
419 2538 555 2615 Sappho,
578 2547 660 2600 tutus
676 2546 706 2599 et
720 2540 769 2598 ille
785 2539 849 2600 luit.

170 2621 231 2679 Nec
246 2621 308 2693 tihi,
327 2622 474 2697 Battiade,
496 2625 609 2699 nocuit,
634 2624 717 2699 quod
731 2639 827 2698 saepe
841 2623 952 2697 legenti

214 2703 345 2764 Delicias
362 2721 455 2767 versu
469 2707 572 2768 lassus
589 2724 623 2768 es
637 2709 706 2783 ipse
720 2712 800 2768 tuas.

85 2857 90 2864 ,
170 2787 285 2848 Fabula
298 2788 421 2848 iucundi
436 2792 518 2850 nulla
532 2799 580 2851 est
594 2793 661 2851 sine
676 2806 780 2851 amore
794 2789 962 2864 Menandri,

110 2879 161 2934 370
213 2871 251 2931 Et
264 2872 343 2931 solet
357 2871 406 2932 hic
421 2876 525 2948 pueris
541 2875 773 2950 virginibusque
786 2873 856 2948 legi.

170 2955 240 3015 Ilias
255 2956 324 3030 ipsa
340 2957 483 3034 quidest,
506 2959 564 3018 nisi
579 2959 676 3034 turpis
691 2957 843 3030 adultera,
866 2957 905 3016 de
921 2973 982 3031 qua

211 3039 291 3099 Inter
306 3047 471 3101 amatorem
486 3058 590 3117 pugna
603 3043 763 3115 virumque
777 3041 853 3100 luitt

171 3117 248 3196 Quid
262 3123 347 3197 prius
363 3125 485 3185 estillic
500 3125 622 3185 flamma
637 3124 835 3201 Chryseid0s‚
857 3130 950 3198 utque

210 3205 327 3266 Fecerit
341 3209 435 3268 iratos
450 3216 539 3285 rapta
552 3209 656 3284 puella
670 3209 787 3268 duoest

108 3295 159 3350 375
170 3289 232 3348 Aut
247 3289 321 3362 quid
336 3291 479 3368 Odyssea
492 3299 548 3366 est,
571 3292 629 3351 nisi
645 3291 764 3366 lerrrina,
787 3297 913 3367 propter
926 3305 1071 3365 amorem,

209 3372 287 3431 Dum
301 3374 348 3432 vir
363 3374 458 3445 abest,
480 3373 582 3435 multis
597 3392 657 3434 una
672 3375 765 3450 petita
779 3375 905 3451 procist

173 3456 255 3530 Quis,
277 3457 336 3517 nisi
351 3457 537 3531 Maeonides,
560 3461 712 3518 Venerem
725 3459 914 3532 Martemque
928 3458 1038 3532 ligatos
