2318 3960
360 212 417 288 lV,
440 211 494 288 10,
516 210 658 287 tlt-lt,
682 213 732 274 22.
994 213 1056 278 itt

67 377 108 436 τε
121 369 177 445 Qui
194 382 379 444 quamquain
394 374 441 426 est
456 365 543 424 sactis
558 365 666 439 ingens
682 374 712 426 et
727 367 866 429 conditur
881 382 900 426 a
913 373 943 428 te

159 452 215 511 Vir
228 465 323 523 tanco,
344 457 456 525 quanto
473 447 577 508 debuit
593 465 646 508 ore
662 451 739 524 cani,

117 537 173 598 Est
187 542 287 596 tumen
303 550 342 593 ex
356 533 408 593 ille
423 531 512 592 nobis
527 531 672 592 imitabile
688 534 850 608 quiddam=

158 620 256 695 lnque
271 618 333 678 fide
346 617 483 678 Theseus
500 616 628 692 quilibet
640 632 712 678 esse
726 626 837 694 petest.

118 704 186 765 Nun
200 701 255 763 tibi
269 707 340 762 sunt
353 701 460 761 hostes
475 701 555 760 ferro
571 700 721 776 clavaque
736 703 890 774 domandi,

71 797 112 853 eo
163 789 221 848 Per
237 801 316 863 ques
332 785 385 844 vix
397 785 450 844 ulli
465 784 589 859 pervius
604 785 736 847 Isthmos
751 795 831 847 erata

120 871 183 933 Sed
197 870 402 947 praestandus
416 884 510 943 amur,
533 883 582 927 res
600 884 661 928 non
677 886 812 947 operosa
827 871 949 931 volenti.

162 955 234 1031 Quis
249 954 337 1014 labor
350 960 398 1013 est
408 968 516 1029 puram
531 967 592 1010 nun
607 959 776 1014 temerasse
791 956 905 1015 fidem?

118 1040 203 1100 Haec
217 1038 280 1113 tibi,
303 1036 354 1114 qui
369 1044 490 1113 perstas
504 1035 706 1098 indeclinatus
722 1039 831 1110 arnico,

160 1123 227 1183 Non
242 1123 389 1196 estquod
404 1121 509 1196 lingua
523 1119 605 1178 dicta
620 1129 766 1194 querente
780 1128 879 1198 putes.

31 1309 107 1403 11.
165 1340 401 1401 cainiani.

124 1422 236 1532 Gallia
260 1459 372 1518 crimen
390 1458 446 1517 erit
459 1458 512 1517 vix
526 1457 704 1519 excusabile
719 1457 818 1530 nobis,
900 1529 902 1533 y

165 1543 303 1604 Carndne
318 1549 347 1602 te
361 1557 472 1601 numen
487 1557 550 1601 nun
564 1541 711 1602 habuisse
725 1557 805 1602 meo.

120 1629 165 1687 Tu
180 1642 304 1702 queque
319 1626 429 1685 enim...
445 1626 598 1685 memini...
616 1627 741 1686 caelesti
756 1626 885 1703 cuspide
902 1627 981 1687 iacta

163 1710 279 1770 Fovisti
292 1710 426 1769 lacrimis
440 1710 568 1768 vulnera
583 1716 689 1769 nestra
703 1710 772 1770 tuis.

89 1796 222 1869 satque
236 1793 348 1854 utinam
362 1793 442 1869 rupti
456 1794 573 1853 iactura
589 1794 692 1855 laesus
707 1794 796 1854 amici

162 1877 323 1939 Sensisses
340 1877 426 1950 uiua,
449 1877 532 1951 quod
549 1892 720 1952 quererere,
741 1879 829 1937 nihil!

120 1962 187 2022 Non
201 1962 242 2021 ita
258 1961 306 2022 dis
321 1961 443 2037 placuit,
466 1961 560 2035 quite
575 1961 710 2036 spoliare
727 1963 840 2036 pudica

162 2045 297 2120 coniuge
312 2045 453 2104 crudeles
468 2059 530 2104 nun
545 2044 679 2104 habuere
694 2046 747 2104 nes
785 2089 792 2103 .

120 2130 230 2190 Nuntia
244 2145 314 2188 narn
327 2130 427 2190 luctus
442 2128 515 2188 milri
531 2143 629 2204 nuper
644 2129 776 2203 epistula
789 2130 888 2190 venit:

77 2222 113 2281 10
163 2214 319 2288 Lectaque
333 2229 401 2272 cuni
415 2212 548 2272 lacrimis
564 2219 635 2272 sunt
649 2218 700 2273 tua
714 2214 827 2274 damna
840 2214 926 2274 meis.

121 2297 185 2358 Sed
199 2312 300 2371 neque
314 2298 495 2373 prudentem
512 2297 604 2356 solari
621 2298 740 2358 stultior
754 2299 862 2372 ausim,

161 2379 328 2455 Verbaque
342 2382 502 2441 doctorum
518 2388 589 2442 nota
603 2382 718 2442 referre
732 2381 802 2444 tibi:

120 2465 312 2540 Finitumque
327 2473 420 2538 tuum,
443 2464 470 2525 si
485 2479 545 2522 nen
562 2465 689 2539 ratione,
713 2467 851 2526 dolerem

162 2550 237 2624 lpse
250 2548 310 2608 iarn
326 2550 445 2624 pridem
460 2549 603 2622 suspicer
617 2564 689 2608 esse
703 2567 797 2611 mora.

78 2643 113 2697 15
123 2634 202 2694 Dum
215 2639 268 2692 tua
283 2634 428 2708 pervenit,
451 2633 523 2691 dum
536 2631 634 2691 littera
648 2640 753 2693 nostra
766 2649 928 2694 recurrens

161 2717 218 2776 Tot
231 2719 327 2777 maria
342 2733 378 2778 ac
392 2725 489 2777 terras
506 2722 651 2789 permeat,
675 2732 772 2776 annus
788 2717 859 2777 ubit.

119 2800 279 2877 Temporis
295 2802 430 2862 efficium
444 2799 560 2859 solacia
576 2799 678 2858 dicere
693 2802 766 2861 certi
781 2809 837 2875 est,

160 2885 238 2945 Dum
254 2884 343 2945 dolor
357 2885 387 2944 in
403 2900 496 2944 cursu
510 2890 566 2954 est,
589 2883 660 2943 dum
675 2885 749 2957 petit
764 2900 857 2959 aeger
871 2901 970 2961 opem.

120 2975 161 3029 At
174 2985 243 3028 cunr
259 2969 351 3043 longa
365 2970 432 3028 dies
447 2967 566 3027 sedavit
582 2966 708 3026 vulnera
722 2969 840 3041 mentis,

77 3061 114 3115 20
164 3053 381 3128 Intempestive
397 3051 448 3127 qui
465 3052 548 3111 iuvet
562 3051 621 3122 illu,
644 3061 746 3113 novat.

120 3136 212 3196 Adde
228 3138 341 3212 quod...
358 3145 449 3212 atque
470 3134 582 3194 utinam
598 3150 702 3194 verum
718 3135 772 3196 tibi
787 3135 906 3198 venerit
921 3143 1057 3199 ament...

162 3220 311 3296 Coniugio
327 3222 399 3281 lelix
413 3221 474 3280 iam
487 3224 577 3296 potes
592 3233 664 3278 esse
679 3236 770 3281 novo.
