2318 3960
10 183 18 311 ³
160 245 162 248 y
381 176 465 252 1,2‚
489 175 705 250 lon-3,22
986 175 1049 242 uo

10 336 14 344 '
56 341 105 392 lto
161 330 217 391 list
231 329 310 390 inter
323 329 450 390 comites
464 328 581 388 Marcia
597 345 692 390 censa
705 346 790 404 suas,
885 335 887 338 ⁴

119 414 214 490 lnque
228 412 294 474 suis
308 411 413 473 habuit
427 418 587 473 matertera
602 413 742 474 Caesaris
758 419 843 474 ante:

10 530 20 587 Β
162 497 293 572 Quarum
309 496 421 558 iudicio
436 495 528 570 siqua
541 495 685 570 probata,
703 497 802 573 proba
816 503 872 556 est.

119 584 193 657 lpsa
207 597 266 641 sua
283 580 392 640 melior
405 580 501 652 lama,
518 579 713 641 laudantibus
732 581 809 654 istis,

162 664 288 724 Claudia
302 663 407 724 divina
421 679 483 723 uon
498 662 636 737 eguisset
651 679 721 740 ope.

56 756 106 808 145
120 749 183 808 Nos
198 763 323 823 quoque
337 746 519 823 praeteritos
534 745 602 806 sine
617 747 686 807 labe
700 748 876 825 peregimus
895 761 1008 808 annos:

160 830 303 892 Proxima
317 847 390 906 pars
405 830 487 891 vitae
500 829 701 892 transilienda
714 847 812 893 meae.

119 914 182 975 Sed
197 916 237 974 de
251 930 301 974 me
314 921 347 975 ut
361 914 484 986 sileam,
501 914 636 974 coniunx
649 931 719 976 mea
733 915 855 976 sarcina
869 921 972 975 vestra
987 921 1048 974 esta

159 997 233 1057 Non
241 1005 331 1074 potes
345 998 425 1058 hanc
440 997 529 1058 salva
542 997 736 1060 dissimulare
750 1001 821 1060 fide.

119 1081 260 1157 confugit
273 1082 351 1141 haec
365 1082 406 1140 ad
422 1097 495 1153 vos,
510 1089 632 1143 vestras
646 1074 836 1159 amplectitur
850 1097 951 1164 aras...

56 1175 107 1226 150
162 1166 231 1225 lure
243 1166 329 1226 venit
343 1168 441 1226 cultos
457 1165 498 1225 ad
512 1165 570 1225 sibi
587 1167 718 1242 quisque
734 1168 842 1228 deos...

118 1249 273 1326 Flensque
287 1257 390 1324 rogat,
406 1247 550 1325 precibus
566 1250 658 1309 lenito
675 1250 807 1312 Caesare
822 1250 944 1320 uestris

160 1333 258 1394 Busta
272 1334 321 1394 sui
335 1333 410 1394 liant
422 1341 456 1392 ut
475 1333 623 1408 propiora
637 1334 703 1393 viri.

62 1517 106 1614 3.
161 1552 348 1615 annino.

119 1632 210 1733 Hanc
223 1673 277 1734 tibi
290 1675 373 1737 Naso
388 1684 459 1737 tuus
474 1678 576 1751 mittit,
592 1679 716 1752 Rufino,
732 1680 877 1738 salutem:

161 1756 218 1830 Qui
234 1758 404 1832 miserest,
420 1760 474 1821 ulli
488 1762 515 1821 si
530 1779 606 1822 suus
622 1778 695 1822 esse
711 1769 821 1836 potest.

117 1838 249 1901 Reddita
262 1843 411 1904 confusae
426 1861 524 1920 nuper
537 1846 654 1906 solacia
668 1847 760 1904 rnenti

159 1925 314 1985 Auxilium
329 1928 443 1988 nostris
458 1944 609 2005 spemque
624 1930 720 1990 tulere
734 1928 833 1987 unalis.

87 2015 106 2065 5
119 2007 220 2083 thue
235 2008 425 2072 Machaoniis
440 2010 603 2073 Poeantius
617 2009 733 2072 artibus
747 2010 841 2071 heros

159 2092 267 2153 Lenito
283 2094 434 2155 medicam
448 2099 575 2157 vulnere
589 2096 687 2157 sensit
703 2111 802 2171 opem,

120 2173 170 2234 Sic
185 2192 243 2252 ego
259 2185 360 2238 mente
375 2178 481 2239 iacens
496 2187 526 2240 et
540 2180 653 2240 acerbo
670 2179 793 2240 saucius
809 2179 872 2240 ictu

160 2261 333 2323 Admonitu
345 2263 434 2338 coepi
451 2264 558 2323 fortior
571 2281 643 2325 esse
657 2273 726 2324 tuo=
844 2269 845 2272 ’

117 2342 229 2403 Etiam
246 2345 394 2407 deficiens
410 2348 455 2407 sio
470 2348 510 2407 ad
526 2355 576 2407 tua
593 2348 687 2408 verba
700 2347 808 2420 revixi,

69 2435 104 2487 10
159 2428 199 2488 Ut
213 2429 294 2490 solet
307 2429 410 2491 inluso
425 2447 506 2490 vena
520 2432 622 2491 redire
636 2447 731 2492 mero.

117 2510 184 2570 Non
199 2519 300 2572 tamen
315 2513 450 2575 exhibuit
465 2522 563 2576 tantas
578 2516 721 2576 facundia
738 2515 829 2589 vires,

160 2595 200 2656 Ut
213 2613 282 2657 mea
298 2597 359 2657 sint
375 2597 464 2659 dictis
478 2605 606 2674 pectora
620 2615 696 2659 sana
710 2599 780 2658 tuis.

118 2677 158 2739 Ut
172 2679 298 2741 multum
312 2688 437 2742 nostrae
452 2681 558 2742 demas
574 2682 613 2742 de
629 2683 747 2758 gurgite
763 2697 864 2754 curae,
971 2697 973 2700 ·

159 2762 227 2823 Non
242 2765 344 2826 minus
358 2764 509 2826 exhausto
525 2766 610 2842 quod
624 2764 796 2841 superabit,
813 2764 877 2824 erit.

67 2855 100 2906 15
116 2844 267 2923 Tempore
283 2849 412 2910 ducatur
426 2850 518 2924 longo
538 2852 672 2910 sortasse
687 2849 821 2908 cicatrix.

159 2930 290 2993 Horrent
306 2933 446 2994 admotas
459 2934 588 2994 vulnera
602 2934 695 2993 cruda
709 2948 828 2992 manus.

117 3013 185 3074 Non
198 3021 247 3076 est
260 3014 291 3075 in
307 3017 427 3078 medico
443 3033 579 3093 semper,
595 3017 747 3077 relevetur
760 3024 794 3075 ut
808 3031 910 3092 aeger,

161 3098 315 3159 Interdum
332 3101 422 3160 docta
436 3102 507 3175 plus
523 3101 606 3161 valet
621 3106 686 3159 arte
700 3101 822 3160 malum.

120 3181 241 3257 Cernis,
256 3189 290 3243 ut
303 3200 321 3243 e
335 3185 418 3244 molli
434 3185 560 3260 sanguis
576 3183 719 3259 pulmone
732 3184 881 3244 remissus

65 3273 104 3324 20
159 3267 211 3326 Ad
226 3267 351 3346 Stygias
367 3276 450 3330 certo
466 3268 559 3328 limite
574 3268 665 3328 ducat
679 3283 787 3342 aquas.

119 3347 237 3411 Aderat
251 3351 320 3426 ipse
334 3351 403 3412 licet
418 3367 524 3413 sacras
538 3350 723 3427 Epidaurius
739 3350 863 3429 herbas,

161 3432 288 3496 Sanabit
301 3436 385 3496 nulla
400 3434 525 3496 vulnera
539 3434 643 3496 cordis
658 3450 728 3511 ope.
