2318 3960
363 201 419 275 IV,
443 199 477 275 8,
501 199 695 276 37-a,1a.
975 197 1034 266 187

53 363 90 420 75
104 354 206 430 Ulqua
216 370 275 416 nee
287 355 328 415 ad
340 354 494 426 citharam,
507 370 564 414 nee
576 355 615 415 ad
627 370 730 416 areum
743 351 847 429 segnis
853 354 967 430 Apella
979 361 1036 426 est,

148 437 212 499 Sed
226 439 309 499 venit
323 439 363 498 ad
378 454 484 499 sacras
501 454 614 500 nervus
628 445 759 512 uterque
776 453 897 512 manus,

107 521 159 583 Sic
174 519 229 582 libi
242 537 300 583 nee
315 523 412 597 doen,
428 537 486 582 nee
500 523 612 583 desunt
629 523 777 598 principis
793 528 885 595 artes,

147 606 243 665 Mixla
256 607 314 667 sed
330 612 378 667 esl
392 606 492 666 animo
509 621 577 666 eum
592 608 665 666 love
679 607 768 666 Musa
783 610 846 666 luo.

108 690 191 763 Quae
205 690 350 764 quoniam
364 705 425 750 nee
437 705 495 750 nos
509 691 594 751 unda
607 689 772 750 summovit
785 690 824 749 ab
839 689 898 763 illa,

54 781 92 835 80
144 774 265 848 Ungula
280 774 436 849 Gorgonei
451 790 543 849 quam
558 789 635 833 aava
649 774 721 833 lecit
733 772 814 849 equi,

106 857 220 932 Prosit,
237 873 394 933 opemque
407 859 485 918 ferat
499 857 672 919 eommunia
684 873 774 918 saera
787 857 872 929 lueri,

149 942 252 1018 Alque
266 941 365 1002 isdem
386 941 496 1002 studiis
511 942 689 1018 inposuisse
703 957 839 1003 manuni

107 1025 211 1086 Litora
224 1025 337 1101 pellitis
352 1025 475 1086 nimium
490 1025 628 1088 subieeta
643 1026 771 1087 corallis

150 1109 189 1170 Ul
203 1110 326 1169 landem
342 1125 455 1171 saevos
471 1109 678 1186 effugiamque
693 1110 799 1170 Getasa

55 1206 92 1259 85
110 1193 282 1268 Clausaque
296 1194 322 1253 si
338 1193 450 1255 misero
467 1195 564 1270 patria
579 1201 640 1266 est,
656 1200 690 1254 ul
704 1209 804 1269 ponar
818 1191 848 1251 in
866 1191 927 1264 illo,

151 1277 206 1350 Qui
221 1277 321 1338 minus
336 1279 476 1338 Ausonia
491 1279 582 1338 dislel
596 1277 634 1337 ab
648 1277 746 1351 Urbe,
761 1279 842 1350 loeo,

108 1362 197 1421 Unde
210 1368 279 1421 luas
293 1363 413 1436 possim
428 1363 536 1424 laudes
552 1361 707 1422 celebrare
721 1365 860 1421 recentes
899 1382 902 1386 ·

148 1445 322 1521 Magnaque
338 1462 428 1520 quarn
443 1447 564 1507 minima
579 1448 659 1505 lacta
672 1445 788 1504 telerna
804 1458 898 1503 mora.

109 1532 225 1603 Tangat
244 1536 277 1590 ut
290 1529 351 1590 hoe
364 1538 469 1590 votum
485 1530 643 1602 caelestia,
661 1543 731 1588 aare
746 1526 840 1598 Suilli,

56 1620 93 1675 90
148 1613 291 1688 Numina,
307 1629 489 1689 prosocero
504 1628 604 1693 paene
618 1627 745 1689 precare
759 1619 822 1671 luo.

51 1797 96 1891 ll.
151 1823 401 1894 ennnciuu.

111 1913 205 2011 Unde
220 1950 304 2024 lieet,
319 1966 381 2010 non
395 1951 478 2011 unde
493 1951 589 2023 iuvat,
606 1951 768 2024 Graeciae,
784 1950 913 2011 salutem

152 2033 240 2094 Millil
254 2033 293 2093 ab
311 2033 440 2095 Euxinis
455 2034 534 2094 hane
547 2033 601 2092 libi
615 2034 697 2095 Naso
712 2034 812 2095 vadis.

109 2117 283 2193 Missaque,
298 2118 329 2177 di
344 2119 468 2191 saciant,
485 2134 625 2178 auroram
640 2124 780 2178 occurat
797 2118 838 2178 ad
852 2116 942 2191 illam,

152 2201 204 2261 Bis
220 2217 313 2262 senos
328 2202 431 2262 lasces
447 2217 529 2276 quae
548 2201 602 2261 tibi
618 2201 714 2276 prima
730 2201 829 2261 dabil=

82 2295 98 2346 5
114 2284 168 2356 Ul,
185 2285 328 2360 quoniam
343 2285 411 2346 sine
430 2300 479 2344 me
492 2291 600 2360 tanges
615 2284 765 2360 capitolin
778 2286 886 2346 consul

150 2368 187 2428 El
201 2369 272 2428 fiam
285 2369 392 2429 turbae
405 2385 477 2444 pars
492 2384 550 2443 ego
566 2370 647 2430 nulla
660 2376 739 2443 tuae,

109 2453 143 2510 ln
159 2452 273 2510 domini
288 2451 397 2512 subant
412 2459 514 2526 partes
530 2459 560 2512 et
574 2460 709 2527 praeslel
724 2453 813 2512 amiel

150 2533 292 2594 Officium-
303 2537 384 2596 iusto
399 2536 496 2596 littera
510 2544 615 2596 noslna
629 2537 689 2596 dia.

111 2619 214 2694 Atque
231 2634 289 2694 ego
305 2619 332 2679 si
351 2619 421 2680 latis
436 2619 556 2694 genitus
573 2619 750 2681 melioribus
764 2635 867 2680 essem

59 2720 95 2771 10
150 2701 188 2760 Et
202 2717 271 2761 mea
285 2703 406 2763 sincero
420 2709 554 2763 curreret
570 2719 629 2762 axe
643 2709 719 2775 rota,

113 2785 177 2858 Quo
193 2801 273 2846 nune
287 2793 393 2847 nostra
407 2803 514 2846 manus
531 2787 746 2862 perscriptum
761 2787 908 2861 fungitur,
923 2792 1006 2848 essel

152 2869 270 2944 Lingua
284 2871 435 2930 salutandi
449 2885 574 2930 inlinere
588 2871 690 2931 funeta
705 2869 761 2928 lui:
825 2886 828 2891 ’

112 2951 316 3029 Gralatusque
331 2955 436 3014 darem
451 2970 519 3014 eum
534 2953 674 3015 dulcibus
689 2953 796 3014 osenla
809 2953 922 3029 verbis,

152 3036 220 3118 llee¹
232 3037 332 3098 minus
347 3038 397 3097 ille
412 3053 514 3112 meus,
530 3044 720 3114 quesumus,
737 3042 822 3097 esset
832 3037 941 3098 honor.

59 3134 94 3185 15
110 3120 181 3194 llla,
197 3121 362 3195 confiteor,
377 3121 424 3182 sie
437 3136 541 3182 essem
555 3122 623 3182 luce
639 3119 801 3196 superbus,

151 3203 192 3264 Ul
206 3209 331 3279 caperet
345 3206 441 3267 fastus
455 3205 509 3264 vix
524 3206 635 3265 domus
649 3205 711 3264 ulla
724 3219 826 3265 mensa

109 3286 252 3360 Dumque
266 3289 344 3349 latus
359 3289 456 3349 saneti
473 3288 565 3363 cingit
579 3287 632 3348 tibi
644 3288 731 3348 turba
746 3292 880 3364 senalus,

151 3369 294 3432 consulis
309 3379 379 3432 ante
394 3372 491 3447 pedes
506 3372 550 3431 ire
564 3377 665 3432 tuerer
680 3386 793 3446 eques=

111 3453 149 3512 El
163 3468 347 3529 quamquam
361 3470 504 3532 euperem
519 3470 643 3532 semper
653 3454 706 3514 tibi
721 3453 975 3529 proximisque,
