<?xml version="1.0" encoding="UTF-8"?>
<!DOCTYPE html PUBLIC "-//W3C//DTD XHTML 1.0 Transitional//EN"
    "http://www.w3.org/TR/xhtml1/DTD/xhtml1-transitional.dtd">
<html xmlns="http://www.w3.org/1999/xhtml" xml:lang="en" lang="en">
 <head>
  <title>
</title>
<meta http-equiv="Content-Type" content="text/html;charset=utf-8" />
  <meta name='ocr-system' content='tesseract 3.04.00' />
  <meta name='ocr-capabilities' content='ocr_page ocr_carea ocr_par ocr_line ocrx_word'/>
</head>
<body>
  <div class='ocr_page' id='page_1' title='image "./povidiusnasoexr00merkgoog_0046.png"; bbox 0 0 2318 3960; ppageno 0'>
   <div class='ocr_carea' id='block_1_1' title="bbox 419 227 653 302">
    <p class='ocr_par' dir='ltr' id='par_1_1' title="bbox 419 227 653 302">
     <span class='ocr_line' id='line_1_1' title="bbox 419 227 653 302; baseline -0.009 -12"><span class='ocrx_word' id='word_1_1' title='bbox 419 235 454 302; x_wconf 82' lang='lat' dir='ltr'>lt,</span> <span class='ocrx_word' id='word_1_2' title='bbox 475 227 653 292; x_wconf 71' lang='grc'><strong>264-339.</strong></span> 
     </span>
    </p>
   </div>
   <div class='ocr_carea' id='block_1_2' title="bbox 61 382 987 3129">
    <p class='ocr_par' dir='ltr' id='par_1_2' title="bbox 61 382 987 3129">
     <span class='ocr_line' id='line_1_2' title="bbox 147 382 785 445; baseline -0.002 -2"><span class='ocrx_word' id='word_1_3' title='bbox 147 382 234 443; x_wconf 87' lang='lat' dir='ltr'>Stant</span> <span class='ocrx_word' id='word_1_4' title='bbox 246 393 346 442; x_wconf 90' lang='lat' dir='ltr'>tamen</span> <span class='ocrx_word' id='word_1_5' title='bbox 360 382 412 443; x_wconf 89' lang='lat' dir='ltr'>illa</span> <span class='ocrx_word' id='word_1_6' title='bbox 426 382 490 442; x_wconf 91' lang='lat' dir='ltr'>suis</span> <span class='ocrx_word' id='word_1_7' title='bbox 506 382 608 442; x_wconf 89' lang='lat' dir='ltr'>omnia</span> <span class='ocrx_word' id='word_1_8' title='bbox 621 387 685 443; x_wconf 91' lang='lat' dir='ltr'>tuta</span> <span class='ocrx_word' id='word_1_9' title='bbox 699 384 785 445; x_wconf 86' lang='lat' dir='ltr'>locis.</span> 
     </span>
     <span class='ocr_line' id='line_1_3' title="bbox 106 464 831 542; baseline 0.003 -16"><span class='ocrx_word' id='word_1_10' title='bbox 106 467 144 526; x_wconf 84' lang='lat' dir='ltr'>Et</span> <span class='ocrx_word' id='word_1_11' title='bbox 158 467 264 542; x_wconf 92' lang='lat' dir='ltr'>procul</span> <span class='ocrx_word' id='word_1_12' title='bbox 280 482 299 525; x_wconf 90' lang='lat' dir='ltr'>a</span> <span class='ocrx_word' id='word_1_13' title='bbox 314 464 428 540; x_wconf 89' lang='lat' dir='ltr'>scripta</span> <span class='ocrx_word' id='word_1_14' title='bbox 443 466 518 525; x_wconf 91' lang='lat' dir='ltr'>solis</span> <span class='ocrx_word' id='word_1_15' title='bbox 534 465 742 526; x_wconf 81' lang='lat' dir='ltr'><strong>meretricibus</strong></span> <span class='ocrx_word' id='word_1_16' title='bbox 756 470 831 528; x_wconf 86' lang='lat' dir='ltr'>Arte</span> 
     </span>
     <span class='ocr_line' id='line_1_4' title="bbox 146 548 843 625; baseline 0.001 -16"><span class='ocrx_word' id='word_1_17' title='bbox 146 549 323 610; x_wconf 90' lang='lat' dir='ltr'>Summovet</span> <span class='ocrx_word' id='word_1_18' title='bbox 338 549 486 623; x_wconf 85' lang='lat' dir='ltr'>ingenuas</span> <span class='ocrx_word' id='word_1_19' title='bbox 502 549 614 624; x_wconf 79' lang='lat' dir='ltr'>pagina</span> <span class='ocrx_word' id='word_1_20' title='bbox 628 548 727 625; x_wconf 89' lang='lat' dir='ltr'>prima</span> <span class='ocrx_word' id='word_1_21' title='bbox 740 568 843 612; x_wconf 84' lang='lat' dir='ltr'>nurus.</span> 
     </span>
     <span class='ocr_line' id='line_1_5' title="bbox 61 632 965 709; baseline 0.002 -15"><span class='ocrx_word' id='word_1_22' title='bbox 61 645 93 696; x_wconf 74' lang='lat' dir='ltr'>os</span> <span class='ocrx_word' id='word_1_23' title='bbox 106 633 321 708; x_wconf 81' lang='lat' dir='ltr'>Quaecumque</span> <span class='ocrx_word' id='word_1_24' title='bbox 335 633 481 708; x_wconf 78' lang='lat' dir='ltr'>irrumpit,</span> <span class='ocrx_word' id='word_1_25' title='bbox 505 647 566 708; x_wconf 90' lang='lat' dir='ltr'>quo</span> <span class='ocrx_word' id='word_1_26' title='bbox 582 648 643 692; x_wconf 91' lang='lat' dir='ltr'>non</span> <span class='ocrx_word' id='word_1_27' title='bbox 662 632 733 695; x_wconf 88' lang='lat' dir='ltr'>sinit</span> <span class='ocrx_word' id='word_1_28' title='bbox 750 635 793 694; x_wconf 90' lang='lat' dir='ltr'>ire</span> <span class='ocrx_word' id='word_1_29' title='bbox 808 635 965 709; x_wconf 84' lang='lat' dir='ltr'>sacerdos,</span> 
     </span>
     <span class='ocr_line' id='line_1_6' title="bbox 148 716 833 779; baseline 0 -3"><span class='ocrx_word' id='word_1_30' title='bbox 148 717 288 778; x_wconf 86' lang='lat' dir='ltr'>Protinus</span> <span class='ocrx_word' id='word_1_31' title='bbox 303 716 364 776; x_wconf 87' lang='lat' dir='ltr'>lroc</span> <span class='ocrx_word' id='word_1_32' title='bbox 378 717 462 777; x_wconf 90' lang='lat' dir='ltr'>vetiti</span> <span class='ocrx_word' id='word_1_33' title='bbox 478 716 611 777; x_wconf 89' lang='lat' dir='ltr'>oriminis</span> <span class='ocrx_word' id='word_1_34' title='bbox 627 723 696 777; x_wconf 85' lang='lat' dir='ltr'>acta</span> <span class='ocrx_word' id='word_1_35' title='bbox 708 733 763 777; x_wconf 90' lang='lat' dir='ltr'>rea</span> <span class='ocrx_word' id='word_1_36' title='bbox 777 726 833 779; x_wconf 90' lang='lat' dir='ltr'>est.</span> 
     </span>
     <span class='ocr_line' id='line_1_7' title="bbox 102 800 893 864; baseline 0 -4"><span class='ocrx_word' id='word_1_37' title='bbox 102 801 165 863; x_wconf 88' lang='lat' dir='ltr'>Nec</span> <span class='ocrx_word' id='word_1_38' title='bbox 182 807 282 861; x_wconf 89' lang='lat' dir='ltr'>tamen</span> <span class='ocrx_word' id='word_1_39' title='bbox 297 807 345 861; x_wconf 93' lang='lat' dir='ltr'>est</span> <span class='ocrx_word' id='word_1_40' title='bbox 359 800 477 861; x_wconf 90' lang='lat' dir='ltr'>lacinus</span> <span class='ocrx_word' id='word_1_41' title='bbox 492 815 602 860; x_wconf 88' lang='lat' dir='ltr'>versus</span> <span class='ocrx_word' id='word_1_42' title='bbox 618 802 762 862; x_wconf 87' lang='lat' dir='ltr'>evolvere</span> <span class='ocrx_word' id='word_1_43' title='bbox 776 803 893 864; x_wconf 91' lang='lat' dir='ltr'>molles.</span> 
     </span>
     <span class='ocr_line' id='line_1_8' title="bbox 129 883 802 961; baseline 0 -17"><span class='ocrx_word' id='word_1_44' title='bbox 129 885 243 945; x_wconf 90' lang='lat' dir='ltr'>·Multa</span> <span class='ocrx_word' id='word_1_45' title='bbox 258 884 328 943; x_wconf 89' lang='lat' dir='ltr'>licet</span> <span class='ocrx_word' id='word_1_46' title='bbox 343 891 446 944; x_wconf 88' lang='lat' dir='ltr'>castae</span> <span class='ocrx_word' id='word_1_47' title='bbox 460 899 521 943; x_wconf 92' lang='lat' dir='ltr'>non</span> <span class='ocrx_word' id='word_1_48' title='bbox 536 883 678 945; x_wconf 81' lang='lat' dir='ltr'>iacienda</span> <span class='ocrx_word' id='word_1_49' title='bbox 691 885 802 961; x_wconf 88' lang='lat' dir='ltr'>legant.</span> 
     </span>
     <span class='ocr_line' id='line_1_9' title="bbox 106 968 764 1044; baseline -0.002 -15"><span class='ocrx_word' id='word_1_50' title='bbox 106 968 208 1044; x_wconf 83' lang='lat' dir='ltr'>Saepe</span> <span class='ocrx_word' id='word_1_51' title='bbox 225 968 381 1043; x_wconf 88' lang='lat' dir='ltr'>supercilii</span> <span class='ocrx_word' id='word_1_52' title='bbox 396 968 495 1028; x_wconf 92' lang='lat' dir='ltr'>nudas</span> <span class='ocrx_word' id='word_1_53' title='bbox 510 974 649 1028; x_wconf 87' lang='lat' dir='ltr'>matrona</span> <span class='ocrx_word' id='word_1_54' title='bbox 663 971 764 1029; x_wconf 87' lang='lat' dir='ltr'>severi</span> 
     </span>
     <span class='ocr_line' id='line_1_10' title="bbox 65 1052 834 1126; baseline -0.001 -13"><span class='ocrx_word' id='word_1_55' title='bbox 65 1061 97 1113; x_wconf 86' lang='lat' dir='ltr'>lo</span> <span class='ocrx_word' id='word_1_56' title='bbox 149 1052 187 1111; x_wconf 83' lang='lat' dir='ltr'>Et</span> <span class='ocrx_word' id='word_1_57' title='bbox 202 1052 323 1112; x_wconf 90' lang='lat' dir='ltr'>veneris</span> <span class='ocrx_word' id='word_1_58' title='bbox 338 1057 453 1112; x_wconf 85' lang='lat' dir='ltr'>stantes</span> <span class='ocrx_word' id='word_1_59' title='bbox 470 1052 510 1111; x_wconf 90' lang='lat' dir='ltr'>ad</span> <span class='ocrx_word' id='word_1_60' title='bbox 524 1067 621 1126; x_wconf 88' lang='lat' dir='ltr'>genus</span> <span class='ocrx_word' id='word_1_61' title='bbox 638 1068 727 1112; x_wconf 88' lang='lat' dir='ltr'>omne</span> <span class='ocrx_word' id='word_1_62' title='bbox 741 1053 834 1112; x_wconf 87' lang='lat' dir='ltr'>videt.</span> 
     </span>
     <span class='ocr_line' id='line_1_11' title="bbox 107 1135 829 1212; baseline 0.001 -16"><span class='ocrx_word' id='word_1_63' title='bbox 107 1136 243 1211; x_wconf 85' lang='lat' dir='ltr'>Corpora</span> <span class='ocrx_word' id='word_1_64' title='bbox 256 1136 400 1196; x_wconf 90' lang='lat' dir='ltr'>Vestales</span> <span class='ocrx_word' id='word_1_65' title='bbox 415 1135 495 1197; x_wconf 93' lang='lat' dir='ltr'>oculi</span> <span class='ocrx_word' id='word_1_66' title='bbox 509 1135 680 1196; x_wconf 85' lang='lat' dir='ltr'>meretricia</span> <span class='ocrx_word' id='word_1_67' title='bbox 695 1145 829 1212; x_wconf 88' lang='lat' dir='ltr'>cernunt,</span> 
     </span>
     <span class='ocr_line' id='line_1_12' title="bbox 141 1220 781 1295; baseline -0.002 -17"><span class='ocrx_word' id='word_1_68' title='bbox 141 1220 205 1279; x_wconf 90' lang='lat' dir='ltr'>Nec</span> <span class='ocrx_word' id='word_1_69' title='bbox 220 1220 343 1280; x_wconf 91' lang='lat' dir='ltr'>domino</span> <span class='ocrx_word' id='word_1_70' title='bbox 358 1235 479 1295; x_wconf 90' lang='lat' dir='ltr'>poenae</span> <span class='ocrx_word' id='word_1_71' title='bbox 492 1234 542 1278; x_wconf 88' lang='lat' dir='ltr'>res</span> <span class='ocrx_word' id='word_1_72' title='bbox 557 1235 595 1278; x_wconf 90' lang='lat' dir='ltr'>ea</span> <span class='ocrx_word' id='word_1_73' title='bbox 610 1234 704 1280; x_wconf 89' lang='lat' dir='ltr'>causa</span> <span class='ocrx_word' id='word_1_74' title='bbox 718 1221 781 1280; x_wconf 88' lang='lat' dir='ltr'>luit.</span> 
     </span>
     <span class='ocr_line' id='line_1_13' title="bbox 104 1302 798 1377; baseline 0.001 -15"><span class='ocrx_word' id='word_1_75' title='bbox 104 1305 145 1363; x_wconf 85' lang='lat' dir='ltr'>At</span> <span class='ocrx_word' id='word_1_76' title='bbox 159 1318 213 1364; x_wconf 91' lang='lat' dir='ltr'>our</span> <span class='ocrx_word' id='word_1_77' title='bbox 227 1302 257 1363; x_wconf 91' lang='lat' dir='ltr'>in</span> <span class='ocrx_word' id='word_1_78' title='bbox 272 1309 377 1363; x_wconf 90' lang='lat' dir='ltr'>nostra</span> <span class='ocrx_word' id='word_1_79' title='bbox 393 1303 485 1363; x_wconf 91' lang='lat' dir='ltr'>nimia</span> <span class='ocrx_word' id='word_1_80' title='bbox 499 1308 546 1362; x_wconf 86' lang='lat' dir='ltr'>est</span> <span class='ocrx_word' id='word_1_81' title='bbox 560 1303 686 1361; x_wconf 86' lang='lat' dir='ltr'>lascivia</span> <span class='ocrx_word' id='word_1_82' title='bbox 700 1303 798 1377; x_wconf 87' lang='lat' dir='ltr'>Musa,</span> 
     </span>
     <span class='ocr_line' id='line_1_14' title="bbox 149 1386 857 1462; baseline 0 -16"><span class='ocrx_word' id='word_1_83' title='bbox 149 1387 247 1448; x_wconf 83' lang='lat' dir='ltr'>Curre</span> <span class='ocrx_word' id='word_1_84' title='bbox 261 1401 348 1448; x_wconf 91' lang='lat' dir='ltr'>meus</span> <span class='ocrx_word' id='word_1_85' title='bbox 364 1387 504 1462; x_wconf 89' lang='lat' dir='ltr'>culquam</span> <span class='ocrx_word' id='word_1_86' title='bbox 519 1386 629 1446; x_wconf 81' lang='lat' dir='ltr'>suadet</span> <span class='ocrx_word' id='word_1_87' title='bbox 643 1402 746 1446; x_wconf 88' lang='lat' dir='ltr'>amare</span> <span class='ocrx_word' id='word_1_88' title='bbox 760 1387 857 1447; x_wconf 79' lang='lat' dir='ltr'>libert</span> 
     </span>
     <span class='ocr_line' id='line_1_15' title="bbox 61 1470 987 1545; baseline 0.008 -22"><span class='ocrx_word' id='word_1_89' title='bbox 61 1480 99 1533; x_wconf 79' lang='lat' dir='ltr'>tt</span> <span class='ocrx_word' id='word_1_90' title='bbox 110 1471 157 1529; x_wconf 86' lang='lat' dir='ltr'>Nil</span> <span class='ocrx_word' id='word_1_91' title='bbox 172 1471 230 1530; x_wconf 90' lang='lat' dir='ltr'>nisi</span> <span class='ocrx_word' id='word_1_92' title='bbox 245 1477 404 1544; x_wconf 88' lang='lat' dir='ltr'>peccatum</span> <span class='ocrx_word' id='word_1_93' title='bbox 419 1470 642 1544; x_wconf 81' lang='lat' dir='ltr'>manifestaque</span> <span class='ocrx_word' id='word_1_94' title='bbox 657 1471 749 1545; x_wconf 90' lang='lat' dir='ltr'>culpa</span> <span class='ocrx_word' id='word_1_95' title='bbox 763 1471 918 1532; x_wconf 86' lang='lat' dir='ltr'>latendum</span> <span class='ocrx_word' id='word_1_96' title='bbox 931 1481 987 1535; x_wconf 88' lang='lat' dir='ltr'>est.</span> 
     </span>
     <span class='ocr_line' id='line_1_16' title="bbox 147 1553 673 1629; baseline 0.002 -17"><span class='ocrx_word' id='word_1_97' title='bbox 147 1553 282 1613; x_wconf 83' lang='lat' dir='ltr'>Paenitet</span> <span class='ocrx_word' id='word_1_98' title='bbox 296 1554 408 1629; x_wconf 89' lang='lat' dir='ltr'>ingenii</span> <span class='ocrx_word' id='word_1_99' title='bbox 423 1554 589 1629; x_wconf 88' lang='lat' dir='ltr'>iudiciique</span> <span class='ocrx_word' id='word_1_100' title='bbox 604 1555 673 1614; x_wconf 84' lang='lat' dir='ltr'>mei.</span> 
     </span>
     <span class='ocr_line' id='line_1_17' title="bbox 103 1637 870 1713; baseline 0 -14"><span class='ocrx_word' id='word_1_101' title='bbox 103 1638 163 1699; x_wconf 84' lang='lat' dir='ltr'>cur</span> <span class='ocrx_word' id='word_1_102' title='bbox 175 1652 238 1697; x_wconf 91' lang='lat' dir='ltr'>non</span> <span class='ocrx_word' id='word_1_103' title='bbox 252 1637 404 1713; x_wconf 80' lang='lat' dir='ltr'>Argolicis</span> <span class='ocrx_word' id='word_1_104' title='bbox 419 1638 522 1713; x_wconf 91' lang='lat' dir='ltr'>potius</span> <span class='ocrx_word' id='word_1_105' title='bbox 538 1653 617 1712; x_wconf 87' lang='lat' dir='ltr'>quae</span> <span class='ocrx_word' id='word_1_106' title='bbox 632 1638 767 1699; x_wconf 87' lang='lat' dir='ltr'>concidit</span> <span class='ocrx_word' id='word_1_107' title='bbox 779 1639 870 1711; x_wconf 88' lang='lat' dir='ltr'>armis</span> 
     </span>
     <span class='ocr_line' id='line_1_18' title="bbox 148 1721 806 1782; baseline 0.002 -3"><span class='ocrx_word' id='word_1_108' title='bbox 148 1723 268 1781; x_wconf 84' lang='lat' dir='ltr'>Vexata</span> <span class='ocrx_word' id='word_1_109' title='bbox 282 1727 329 1781; x_wconf 88' lang='lat' dir='ltr'>est</span> <span class='ocrx_word' id='word_1_110' title='bbox 342 1721 450 1782; x_wconf 87' lang='lat' dir='ltr'>iterum</span> <span class='ocrx_word' id='word_1_111' title='bbox 464 1721 598 1782; x_wconf 82' lang='lat' dir='ltr'>carmine</span> <span class='ocrx_word' id='word_1_112' title='bbox 611 1721 701 1782; x_wconf 84' lang='lat' dir='ltr'>Troia</span> <span class='ocrx_word' id='word_1_113' title='bbox 714 1728 806 1782; x_wconf 81' lang='lat' dir='ltr'>meot</span> 
     </span>
     <span class='ocr_line' id='line_1_19' title="bbox 108 1803 845 1880; baseline 0.001 -16"><span class='ocrx_word' id='word_1_114' title='bbox 108 1803 169 1864; x_wconf 82' lang='lat' dir='ltr'>Gur</span> <span class='ocrx_word' id='word_1_115' title='bbox 180 1805 261 1865; x_wconf 89' lang='lat' dir='ltr'>tacui</span> <span class='ocrx_word' id='word_1_116' title='bbox 275 1805 395 1865; x_wconf 88' lang='lat' dir='ltr'>Thebas</span> <span class='ocrx_word' id='word_1_117' title='bbox 410 1812 439 1865; x_wconf 91' lang='lat' dir='ltr'>et</span> <span class='ocrx_word' id='word_1_118' title='bbox 453 1811 557 1865; x_wconf 89' lang='lat' dir='ltr'>mutua</span> <span class='ocrx_word' id='word_1_119' title='bbox 567 1805 694 1865; x_wconf 89' lang='lat' dir='ltr'>vulnera</span> <span class='ocrx_word' id='word_1_120' title='bbox 712 1805 845 1880; x_wconf 80' lang='lat' dir='ltr'>fratrum,</span> 
     </span>
     <span class='ocr_line' id='line_1_20' title="bbox 61 1884 883 1964; baseline -0.005 -14"><span class='ocrx_word' id='word_1_121' title='bbox 61 1884 110 1950; x_wconf 76' lang='lat' dir='ltr'>ao</span> <span class='ocrx_word' id='word_1_122' title='bbox 148 1886 186 1948; x_wconf 81' lang='lat' dir='ltr'>Et</span> <span class='ocrx_word' id='word_1_123' title='bbox 200 1893 317 1964; x_wconf 87' lang='lat' dir='ltr'>septem</span> <span class='ocrx_word' id='word_1_124' title='bbox 331 1895 447 1964; x_wconf 89' lang='lat' dir='ltr'>portas,</span> <span class='ocrx_word' id='word_1_125' title='bbox 468 1887 525 1948; x_wconf 90' lang='lat' dir='ltr'>sub</span> <span class='ocrx_word' id='word_1_126' title='bbox 541 1889 619 1949; x_wconf 90' lang='lat' dir='ltr'>duce</span> <span class='ocrx_word' id='word_1_127' title='bbox 634 1905 787 1963; x_wconf 90' lang='lat' dir='ltr'>quamque</span> <span class='ocrx_word' id='word_1_128' title='bbox 803 1895 883 1949; x_wconf 75' lang='lat' dir='ltr'>suoi</span> 
     </span>
     <span class='ocr_line' id='line_1_21' title="bbox 108 1970 844 2046; baseline 0 -16"><span class='ocrx_word' id='word_1_129' title='bbox 108 1972 172 2031; x_wconf 91' lang='lat' dir='ltr'>Nec</span> <span class='ocrx_word' id='word_1_130' title='bbox 185 1971 257 2031; x_wconf 87' lang='lat' dir='ltr'>mihi</span> <span class='ocrx_word' id='word_1_131' title='bbox 272 1972 428 2032; x_wconf 83' lang='lat' dir='ltr'>materiam</span> <span class='ocrx_word' id='word_1_132' title='bbox 440 1970 580 2031; x_wconf 87' lang='lat' dir='ltr'>bellatrix</span> <span class='ocrx_word' id='word_1_133' title='bbox 594 1972 692 2031; x_wconf 90' lang='lat' dir='ltr'>Roma</span> <span class='ocrx_word' id='word_1_134' title='bbox 705 1971 844 2046; x_wconf 88' lang='lat' dir='ltr'>negabat,</span> 
     </span>
     <span class='ocr_line' id='line_1_22' title="bbox 149 2054 830 2134; baseline 0 -20"><span class='ocrx_word' id='word_1_135' title='bbox 149 2055 187 2114; x_wconf 83' lang='lat' dir='ltr'>Et</span> <span class='ocrx_word' id='word_1_136' title='bbox 200 2055 270 2130; x_wconf 90' lang='lat' dir='ltr'>pius</span> <span class='ocrx_word' id='word_1_137' title='bbox 284 2060 338 2134; x_wconf 82' lang='lat' dir='ltr'>est,</span> <span class='ocrx_word' id='word_1_138' title='bbox 362 2054 479 2131; x_wconf 86' lang='lat' dir='ltr'>patriae</span> <span class='ocrx_word' id='word_1_139' title='bbox 493 2055 574 2114; x_wconf 85' lang='lat' dir='ltr'>facta</span> <span class='ocrx_word' id='word_1_140' title='bbox 588 2055 711 2127; x_wconf 82' lang='lat' dir='ltr'>referre,</span> <span class='ocrx_word' id='word_1_141' title='bbox 733 2054 830 2115; x_wconf 88' lang='lat' dir='ltr'>labor.</span> 
     </span>
     <span class='ocr_line' id='line_1_23' title="bbox 108 2138 921 2213; baseline 0.001 -17"><span class='ocrx_word' id='word_1_142' title='bbox 108 2138 247 2213; x_wconf 77' lang='lat' dir='ltr'>Denique</span> <span class='ocrx_word' id='word_1_143' title='bbox 262 2153 331 2198; x_wconf 89' lang='lat' dir='ltr'>cum</span> <span class='ocrx_word' id='word_1_144' title='bbox 344 2138 459 2199; x_wconf 89' lang='lat' dir='ltr'>meritis</span> <span class='ocrx_word' id='word_1_145' title='bbox 475 2138 650 2213; x_wconf 88' lang='lat' dir='ltr'>impleveris</span> <span class='ocrx_word' id='word_1_146' title='bbox 666 2138 776 2213; x_wconf 90' lang='lat' dir='ltr'>omnia,</span> <span class='ocrx_word' id='word_1_147' title='bbox 800 2138 921 2213; x_wconf 82' lang='lat' dir='ltr'>Caesar,</span> 
     </span>
     <span class='ocr_line' id='line_1_24' title="bbox 148 2221 793 2283; baseline -0.002 -4"><span class='ocrx_word' id='word_1_148' title='bbox 148 2221 222 2282; x_wconf 90' lang='lat' dir='ltr'>Pars</span> <span class='ocrx_word' id='word_1_149' title='bbox 237 2222 310 2281; x_wconf 91' lang='lat' dir='ltr'>mihi</span> <span class='ocrx_word' id='word_1_150' title='bbox 326 2221 365 2281; x_wconf 90' lang='lat' dir='ltr'>de</span> <span class='ocrx_word' id='word_1_151' title='bbox 379 2222 480 2282; x_wconf 92' lang='lat' dir='ltr'>multis</span> <span class='ocrx_word' id='word_1_152' title='bbox 494 2238 557 2283; x_wconf 88' lang='lat' dir='ltr'>una</span> <span class='ocrx_word' id='word_1_153' title='bbox 572 2222 710 2283; x_wconf 87' lang='lat' dir='ltr'>canenda</span> <span class='ocrx_word' id='word_1_154' title='bbox 724 2222 793 2282; x_wconf 80' lang='lat' dir='ltr'>fuit=</span> 
     </span>
     <span class='ocr_line' id='line_1_25' title="bbox 61 2305 857 2380; baseline -0.001 -14"><span class='ocrx_word' id='word_1_155' title='bbox 61 2314 98 2368; x_wconf 53' lang='lat'>‚25</span> <span class='ocrx_word' id='word_1_156' title='bbox 109 2305 210 2380; x_wconf 88' lang='lat' dir='ltr'>thue</span> <span class='ocrx_word' id='word_1_157' title='bbox 224 2306 345 2365; x_wconf 88' lang='lat' dir='ltr'>trahunt</span> <span class='ocrx_word' id='word_1_158' title='bbox 359 2306 466 2367; x_wconf 88' lang='lat' dir='ltr'>oculos</span> <span class='ocrx_word' id='word_1_159' title='bbox 479 2305 630 2365; x_wconf 87' lang='lat' dir='ltr'>radiantia</span> <span class='ocrx_word' id='word_1_160' title='bbox 644 2306 758 2366; x_wconf 88' lang='lat' dir='ltr'>lumina</span> <span class='ocrx_word' id='word_1_161' title='bbox 772 2305 857 2379; x_wconf 88' lang='lat' dir='ltr'>solis,</span> 
     </span>
     <span class='ocr_line' id='line_1_26' title="bbox 150 2388 816 2450; baseline -0.005 -2"><span class='ocrx_word' id='word_1_162' title='bbox 150 2388 327 2450; x_wconf 86' lang='lat' dir='ltr'>Traxissent</span> <span class='ocrx_word' id='word_1_163' title='bbox 341 2389 473 2449; x_wconf 87' lang='lat' dir='ltr'>animum</span> <span class='ocrx_word' id='word_1_164' title='bbox 487 2389 533 2448; x_wconf 92' lang='lat' dir='ltr'>sic</span> <span class='ocrx_word' id='word_1_165' title='bbox 546 2396 598 2449; x_wconf 90' lang='lat' dir='ltr'>tua</span> <span class='ocrx_word' id='word_1_166' title='bbox 613 2391 693 2449; x_wconf 88' lang='lat' dir='ltr'>lacta</span> <span class='ocrx_word' id='word_1_167' title='bbox 705 2404 816 2449; x_wconf 90' lang='lat' dir='ltr'>meum.</span> 
     </span>
     <span class='ocr_line' id='line_1_27' title="bbox 110 2473 888 2548; baseline -0.005 -16"><span class='ocrx_word' id='word_1_168' title='bbox 110 2473 232 2548; x_wconf 81' lang='lat' dir='ltr'>Arguor</span> <span class='ocrx_word' id='word_1_169' title='bbox 246 2473 394 2533; x_wconf 87' lang='lat' dir='ltr'>inmerito.</span> <span class='ocrx_word' id='word_1_170' title='bbox 427 2473 526 2533; x_wconf 90' lang='lat' dir='ltr'>tenuis</span> <span class='ocrx_word' id='word_1_171' title='bbox 542 2473 614 2532; x_wconf 90' lang='lat' dir='ltr'>mihi</span> <span class='ocrx_word' id='word_1_172' title='bbox 629 2488 755 2548; x_wconf 89' lang='lat' dir='ltr'>campus</span> <span class='ocrx_word' id='word_1_173' title='bbox 771 2480 888 2534; x_wconf 79' lang='lat' dir='ltr'>aratur:</span> 
     </span>
     <span class='ocr_line' id='line_1_28' title="bbox 147 2556 724 2632; baseline 0.002 -19"><span class='ocrx_word' id='word_1_174' title='bbox 147 2557 223 2616; x_wconf 92' lang='lat' dir='ltr'>Illud</span> <span class='ocrx_word' id='word_1_175' title='bbox 241 2563 304 2616; x_wconf 88' lang='lat' dir='ltr'>erat</span> <span class='ocrx_word' id='word_1_176' title='bbox 317 2571 446 2631; x_wconf 89' lang='lat' dir='ltr'>magnae</span> <span class='ocrx_word' id='word_1_177' title='bbox 461 2556 620 2618; x_wconf 80' lang='lat' dir='ltr'>fertilitatis</span> <span class='ocrx_word' id='word_1_178' title='bbox 636 2571 724 2632; x_wconf 92' lang='lat' dir='ltr'>opus.</span> 
     </span>
     <span class='ocr_line' id='line_1_29' title="bbox 108 2639 820 2716; baseline 0.001 -19"><span class='ocrx_word' id='word_1_179' title='bbox 108 2639 175 2700; x_wconf 92' lang='lat' dir='ltr'>Non</span> <span class='ocrx_word' id='word_1_180' title='bbox 190 2640 260 2700; x_wconf 91' lang='lat' dir='ltr'>ideo</span> <span class='ocrx_word' id='word_1_181' title='bbox 276 2641 368 2700; x_wconf 90' lang='lat' dir='ltr'>debet</span> <span class='ocrx_word' id='word_1_182' title='bbox 381 2642 492 2716; x_wconf 79' lang='lat' dir='ltr'>pelago</span> <span class='ocrx_word' id='word_1_183' title='bbox 508 2656 543 2699; x_wconf 90' lang='lat' dir='ltr'>se</span> <span class='ocrx_word' id='word_1_184' title='bbox 557 2640 692 2714; x_wconf 90' lang='lat' dir='ltr'>credere,</span> <span class='ocrx_word' id='word_1_185' title='bbox 716 2639 743 2698; x_wconf 89' lang='lat' dir='ltr'>si</span> <span class='ocrx_word' id='word_1_186' title='bbox 760 2656 820 2713; x_wconf 89' lang='lat' dir='ltr'>qua</span> 
     </span>
     <span class='ocr_line' id='line_1_30' title="bbox 61 2722 762 2799; baseline -0.006 -16"><span class='ocrx_word' id='word_1_187' title='bbox 61 2730 98 2783; x_wconf 72' lang='lat'>³0</span> <span class='ocrx_word' id='word_1_188' title='bbox 148 2723 250 2783; x_wconf 88' lang='lat' dir='ltr'>Audet</span> <span class='ocrx_word' id='word_1_189' title='bbox 264 2724 294 2781; x_wconf 93' lang='lat' dir='ltr'>in</span> <span class='ocrx_word' id='word_1_190' title='bbox 312 2724 423 2798; x_wconf 87' lang='lat' dir='ltr'>exiguo</span> <span class='ocrx_word' id='word_1_191' title='bbox 439 2724 545 2783; x_wconf 90' lang='lat' dir='ltr'>ludere</span> <span class='ocrx_word' id='word_1_192' title='bbox 559 2722 669 2799; x_wconf 86' lang='lat' dir='ltr'>cymba</span> <span class='ocrx_word' id='word_1_193' title='bbox 684 2724 762 2782; x_wconf 88' lang='lat' dir='ltr'>lacu.</span> 
     </span>
     <span class='ocr_line' id='line_1_31' title="bbox 108 2805 986 2881; baseline 0.002 -17"><span class='ocrx_word' id='word_1_194' title='bbox 108 2805 260 2866; x_wconf 85' lang='lat' dir='ltr'>Forsan</span> <span class='ocrx_word' id='word_1_195' title='bbox 276 2813 306 2866; x_wconf 88' lang='lat' dir='ltr'>et</span> <span class='ocrx_word' id='word_1_196' title='bbox 317 2808 377 2868; x_wconf 90' lang='lat' dir='ltr'>hoc</span> <span class='ocrx_word' id='word_1_197' title='bbox 388 2806 556 2868; x_wconf 85' lang='lat' dir='ltr'>dubitem...</span> <span class='ocrx_word' id='word_1_198' title='bbox 572 2805 705 2866; x_wconf 89' lang='lat' dir='ltr'>numeris</span> <span class='ocrx_word' id='word_1_199' title='bbox 718 2805 884 2865; x_wconf 89' lang='lat' dir='ltr'>levioribus</span> <span class='ocrx_word' id='word_1_200' title='bbox 897 2811 986 2881; x_wconf 88' lang='lat' dir='ltr'>aptus</span> 
     </span>
     <span class='ocr_line' id='line_1_32' title="bbox 148 2887 863 2966; baseline -0.006 -18"><span class='ocrx_word' id='word_1_201' title='bbox 148 2887 212 2948; x_wconf 88' lang='lat' dir='ltr'>Sim</span> <span class='ocrx_word' id='word_1_202' title='bbox 227 2889 311 2964; x_wconf 89' lang='lat' dir='ltr'>satis,</span> <span class='ocrx_word' id='word_1_203' title='bbox 335 2890 365 2949; x_wconf 89' lang='lat' dir='ltr'>in</span> <span class='ocrx_word' id='word_1_204' title='bbox 380 2907 494 2966; x_wconf 88' lang='lat' dir='ltr'>parvos</span> <span class='ocrx_word' id='word_1_205' title='bbox 509 2888 722 2965; x_wconf 79' lang='lat' dir='ltr'>sufficiamque</span> <span class='ocrx_word' id='word_1_206' title='bbox 737 2888 863 2949; x_wconf 79' lang='lat' dir='ltr'>modos:</span> 
     </span>
     <span class='ocr_line' id='line_1_33' title="bbox 109 2972 862 3048; baseline 0.003 -18"><span class='ocrx_word' id='word_1_207' title='bbox 109 2972 151 3031; x_wconf 88' lang='lat' dir='ltr'>At</span> <span class='ocrx_word' id='word_1_208' title='bbox 164 2973 190 3032; x_wconf 88' lang='lat' dir='ltr'>si</span> <span class='ocrx_word' id='word_1_209' title='bbox 205 2989 254 3033; x_wconf 91' lang='lat' dir='ltr'>me</span> <span class='ocrx_word' id='word_1_210' title='bbox 268 2973 375 3034; x_wconf 86' lang='lat' dir='ltr'>iubeas</span> <span class='ocrx_word' id='word_1_211' title='bbox 390 2975 522 3035; x_wconf 90' lang='lat' dir='ltr'>domitos</span> <span class='ocrx_word' id='word_1_212' title='bbox 537 2974 619 3033; x_wconf 85' lang='lat' dir='ltr'>lovis</span> <span class='ocrx_word' id='word_1_213' title='bbox 634 2973 704 3048; x_wconf 88' lang='lat' dir='ltr'>igne</span> <span class='ocrx_word' id='word_1_214' title='bbox 719 2973 862 3046; x_wconf 87' lang='lat' dir='ltr'>Gigantas</span> 
     </span>
     <span class='ocr_line' id='line_1_34' title="bbox 147 3055 731 3129; baseline 0 -15"><span class='ocrx_word' id='word_1_215' title='bbox 147 3055 265 3129; x_wconf 84' lang='lat' dir='ltr'>Dicere,</span> <span class='ocrx_word' id='word_1_216' title='bbox 286 3063 444 3119; x_wconf 89' lang='lat' dir='ltr'>conantem</span> <span class='ocrx_word' id='word_1_217' title='bbox 460 3056 629 3118; x_wconf 89' lang='lat' dir='ltr'>debilitabit</span> <span class='ocrx_word' id='word_1_218' title='bbox 643 3072 731 3116; x_wconf 92' lang='lat' dir='ltr'>onus.</span> 
     </span>
    </p>
   </div>
   <div class='ocr_carea' id='block_1_3' title="bbox 61 3138 907 3552">
    <p class='ocr_par' dir='ltr' id='par_1_3' title="bbox 61 3138 907 3552">
     <span class='ocr_line' id='line_1_35' title="bbox 61 3138 907 3216; baseline -0.002 -17"><span class='ocrx_word' id='word_1_219' title='bbox 61 3146 99 3199; x_wconf 72' lang='lat' dir='ltr'>tls</span> <span class='ocrx_word' id='word_1_220' title='bbox 111 3138 220 3199; x_wconf 88' lang='lat' dir='ltr'>Divitis</span> <span class='ocrx_word' id='word_1_221' title='bbox 235 3140 347 3216; x_wconf 87' lang='lat' dir='ltr'>ingenii</span> <span class='ocrx_word' id='word_1_222' title='bbox 362 3147 409 3201; x_wconf 88' lang='lat' dir='ltr'>est</span> <span class='ocrx_word' id='word_1_223' title='bbox 422 3141 564 3201; x_wconf 86' lang='lat' dir='ltr'>immania</span> <span class='ocrx_word' id='word_1_224' title='bbox 579 3140 718 3200; x_wconf 81' lang='lat' dir='ltr'>Caesaris</span> <span class='ocrx_word' id='word_1_225' title='bbox 733 3144 802 3199; x_wconf 88' lang='lat' dir='ltr'>acta</span> <span class='ocrx_word' id='word_1_226' title='bbox 900 3162 907 3174; x_wconf 92' lang='lat'><strong>·</strong></span> 
     </span>
     <span class='ocr_line' id='line_1_36' title="bbox 148 3221 775 3300; baseline -0.002 -19"><span class='ocrx_word' id='word_1_227' title='bbox 148 3221 296 3300; x_wconf 83' lang='lat' dir='ltr'>Condere,</span> <span class='ocrx_word' id='word_1_228' title='bbox 318 3226 443 3285; x_wconf 89' lang='lat' dir='ltr'>materia</span> <span class='ocrx_word' id='word_1_229' title='bbox 457 3241 496 3285; x_wconf 88' lang='lat' dir='ltr'>ne</span> <span class='ocrx_word' id='word_1_230' title='bbox 511 3228 672 3298; x_wconf 89' lang='lat' dir='ltr'>superetur</span> <span class='ocrx_word' id='word_1_231' title='bbox 686 3238 775 3298; x_wconf 90' lang='lat' dir='ltr'>opus.</span> 
     </span>
     <span class='ocr_line' id='line_1_37' title="bbox 110 3305 904 3380; baseline 0.003 -17"><span class='ocrx_word' id='word_1_232' title='bbox 110 3305 147 3364; x_wconf 80' lang='lat' dir='ltr'>nt</span> <span class='ocrx_word' id='word_1_233' title='bbox 161 3312 261 3367; x_wconf 89' lang='lat' dir='ltr'>tamen</span> <span class='ocrx_word' id='word_1_234' title='bbox 276 3323 371 3369; x_wconf 90' lang='lat' dir='ltr'>ausus</span> <span class='ocrx_word' id='word_1_235' title='bbox 391 3324 483 3368; x_wconf 90' lang='lat' dir='ltr'>eram.</span> <span class='ocrx_word' id='word_1_236' title='bbox 513 3307 570 3367; x_wconf 89' lang='lat' dir='ltr'>sed</span> <span class='ocrx_word' id='word_1_237' title='bbox 586 3305 754 3368; x_wconf 87' lang='lat' dir='ltr'>detractare</span> <span class='ocrx_word' id='word_1_238' title='bbox 768 3305 904 3380; x_wconf 87' lang='lat' dir='ltr'>videbar,</span> 
     </span>
     <span class='ocr_line' id='line_1_38' title="bbox 150 3388 848 3467; baseline -0.003 -18"><span class='ocrx_word' id='word_1_239' title='bbox 150 3388 299 3466; x_wconf 79' lang='lat' dir='ltr'>Quodque</span> <span class='ocrx_word' id='word_1_240' title='bbox 317 3392 413 3467; x_wconf 85' lang='lat' dir='ltr'>nelos,</span> <span class='ocrx_word' id='word_1_241' title='bbox 437 3392 548 3452; x_wconf 91' lang='lat' dir='ltr'>damno</span> <span class='ocrx_word' id='word_1_242' title='bbox 563 3389 678 3450; x_wconf 89' lang='lat' dir='ltr'>viribus</span> <span class='ocrx_word' id='word_1_243' title='bbox 693 3406 765 3453; x_wconf 86' lang='lat' dir='ltr'>esse</span> <span class='ocrx_word' id='word_1_244' title='bbox 778 3391 848 3452; x_wconf 90' lang='lat' dir='ltr'>tuis.</span> 
     </span>
     <span class='ocr_line' id='line_1_39' title="bbox 108 3471 888 3552; baseline 0 -21"><span class='ocrx_word' id='word_1_245' title='bbox 108 3471 157 3532; x_wconf 81' lang='lat' dir='ltr'>Ad</span> <span class='ocrx_word' id='word_1_246' title='bbox 173 3475 241 3533; x_wconf 89' lang='lat' dir='ltr'>leve</span> <span class='ocrx_word' id='word_1_247' title='bbox 255 3490 361 3536; x_wconf 89' lang='lat' dir='ltr'>rursus</span> <span class='ocrx_word' id='word_1_248' title='bbox 378 3491 466 3552; x_wconf 89' lang='lat' dir='ltr'>opus,</span> <span class='ocrx_word' id='word_1_249' title='bbox 488 3473 632 3537; x_wconf 85' lang='lat' dir='ltr'>iuvenilia</span> <span class='ocrx_word' id='word_1_250' title='bbox 647 3475 788 3549; x_wconf 86' lang='lat' dir='ltr'>carmina,</span> <span class='ocrx_word' id='word_1_251' title='bbox 809 3473 888 3546; x_wconf 88' lang='lat' dir='ltr'>veni,</span> 
     </span>
    </p>
   </div>
   <div class='ocr_carea' id='block_1_4' title="bbox 0 0 1170 3960">
    <p class='ocr_par' dir='ltr' id='par_1_4' title="bbox 0 0 1170 3960">
     <span class='ocr_line' id='line_1_40' title="bbox 0 0 1170 3960; baseline 0 0"><span class='ocrx_word' id='word_1_252' title='bbox 0 0 1170 3960; x_wconf 95' lang='lat' dir='ltr'> </span> 
     </span>
    </p>
   </div>
  </div>
 </body>
</html>
