2318 3960
429 259 460 303 v.
480 242 658 308 ‹wi—604.
997 241 1057 314 ill

171 394 310 458 traditur
323 394 413 457 loarii
427 411 488 470 quo
503 393 655 457 cecidisse
669 411 772 472 gener.

132 479 236 558 thue
249 478 365 555 loquax
378 478 506 553 ineque
522 484 571 540 est
585 480 681 540 elisus
694 485 796 554 guntur
809 492 930 554 aeerno,

10 566 20 609 l
175 561 295 626 Siotibi
310 561 776 638 claudaturpollioevoeisiter.

131 650 195 709 Aut
207 651 241 708 ut
253 645 457 706 Anaxarchus
471 646 535 721 pila
548 647 695 707 minuaris
708 646 739 705 in
754 647 823 721 alta,

66 739 124 796 olo
178 732 322 805 laetaque
335 745 393 805 pro
407 729 506 790 solitis
521 729 664 806 frugibus
676 744 751 790 ossa
765 736 886 791 sonent.

131 814 233 890 thue
246 818 363 890 patrem
376 810 572 890 Psamathes,
587 813 705 874 condat
715 819 746 874 te
758 812 902 875 Phoebus
917 812 948 873 in
963 813 1025 873 irna

172 900 305 959 Tartaro.
335 897 420 972 quod
433 900 651 959 nataeleeerat
663 896 716 956 iile
728 912 813 957 snae.

132 984 229 1057 Inque
243 987 315 1040 tuos
329 994 367 1040 ea
379 979 477 1056 pestis
492 986 556 1057 eat,
573 996 667 1058 quarn
679 979 787 1040 dextra
802 979 932 1042 Coroebi

175 1064 271 1137 Vicit,
288 1078 379 1140 opem
393 1063 513 1125 miseris
527 1063 745 1140 Argolicisque
758 1063 833 1124 odit

64 1153 119 1210 575
132 1149 235 1223 thue
248 1162 352 1224 nepos
360 1147 510 1222 Aethrae,
523 1148 655 1208 Veneris
669 1147 833 1208 moriturus
849 1144 888 1207 ob
903 1145 988 1222 irarn,

170 1232 250 1292 Exul
264 1229 302 1291 ab
316 1230 452 1292 attonitis
465 1231 628 1293 aaronis
643 1230 743 1306 equis.

128 1314 256 1391 Propter
271 1329 348 1390 opes
362 1327 490 1390 nupnas
503 1320 538 1375 ut
550 1313 684 1390 perdidit
696 1313 813 1391 hospes
825 1314 987 1387 alumnum,

171 1397 282 1459 Perdat
295 1397 339 1458 ob
350 1398 479 1473 exiguas
492 1403 524 1458 te
537 1404 609 1458 tuus
621 1396 739 1473 hospes
755 1412 843 1474 opes.

128 1481 230 1558 thue
244 1482 343 1543 ierunt
357 1495 469 1542 caesos
483 1495 541 1542 sex
555 1497 624 1541 curn
636 1480 895 1542 Damasichthone
909 1481 1029 1554 iratres,

62 1575 118 1629 580
175 1567 306 1626 Intereat
318 1572 418 1627 teeurn
432 1564 479 1625 sie
493 1580 590 1640 genus
606 1579 696 1626 omne
709 1572 803 1626 tuum.

129 1648 259 1710 Addidit
272 1655 306 1710 ut
318 1648 431 1711 fidicen
444 1648 566 1710 miseris
581 1665 639 1710 sua
653 1649 863 1727 funerantur,

173 1731 224 1794 Sio
236 1731 290 1793 tibi
304 1731 366 1794 sint
377 1733 459 1793 vitae
473 1733 576 1793 taedia
589 1732 670 1794 iusta
682 1739 764 1793 tuae.

128 1814 208 1876 Utve
222 1831 312 1876 soror
322 1814 446 1892 Pelopis
462 1832 539 1878 saxo
554 1815 674 1877 dureris
689 1814 807 1889 oborto,

170 1899 209 1961 Et
221 1899 326 1960 laesus
340 1899 444 1974 lingua
456 1898 563 1960 Battus
578 1897 700 1974 abipsa
714 1913 783 1958 sua

63 1991 119 2046 585
133 1984 216 2044 Aera
230 1981 257 2043 si
271 1982 367 2044 misso
381 1981 533 2056 liquidum
546 1979 720 2042 iaeulabere
734 1981 832 2056 diseo,

171 2065 237 2140 Quo
251 2081 330 2141 puer
344 2064 507 2127 Oebalides
521 2066 600 2126 ictus
614 2062 652 2123 ab
668 2063 742 2124 orbe
758 2064 863 2125 cadas.

128 2148 226 2223 Siqua
244 2163 301 2226 per
316 2151 450 2210 alternos
470 2144 641 2225 pulsabitur
655 2147 740 2207 unda
752 2148 894 2223 lacertos,

172 2231 275 2292 Omnis
294 2231 448 2308 Abydena
463 2233 503 2294 sit
515 2232 569 2293 tibi
588 2230 677 2307 peior
695 2247 787 2306 aqua.

129 2315 269 2376 comicus
286 2321 321 2377 ut
334 2315 443 2376 mediis
460 2315 565 2392 periit,
586 2315 660 2376 dum
676 2314 783 2387 nabat,
804 2315 834 2374 in
849 2314 952 2388 undis,

59 2407 114 2462 500
171 2399 210 2458 Ει
227 2405 280 2459 tua
297 2398 343 2460 sie
362 2398 489 2478 Stygius
506 2398 677 2473 strangulet
689 2414 744 2458 ora
759 2398 869 2474 liquor.

125 2484 188 2543 Aut
200 2481 257 2542 ubi·
267 2488 430 2543 ventosum
444 2481 600 2558 superaris
617 2482 782 2556 naufragus
802 2496 928 2557 aequor,

170 2564 315 2625 000000ιο
328 2580 456 2640 pereas,
471 2572 506 2626 ut
514 2564 690 2639 Palinurus,
704 2564 808 2625 humo.

126 2649 227 2722 thue
247 2647 460 2710 eodmnatum
475 2655 577 2708 vatem
595 2650 688 2709 tutela
703 2647 828 2720 Dianae,

168 2731 300 2793 Dilaniet
312 2732 437 2808 vigilum
450 2738 481 2793 te
495 2746 619 2808 quoque
634 2729 721 2790 turba
740 2745 860 2789 eanum.

56 2823 110 2880 595
124 2816 188 2876 Aut
200 2821 234 2874 ut
247 2814 418 2876 lhinaorius
433 2815 528 2876 salias
543 2829 638 2890 super
652 2826 708 2873 ora
724 2812 865 2888 gigantis,

166 2897 299 2960 Plurima
316 2914 378 2974 qua
392 2897 531 2960 flammas
548 2897 668 2960 Sicanis
683 2897 784 2958 Aetna
796 2894 901 2956 vomit.

125 2981 339 3058 Diripiantque
356 2990 427 3044 tuos
443 2982 560 3044 insanis
574 2980 728 3056 unguibus
744 2986 828 3041 artus

167 3063 362 3143 Strymoniae
376 3072 506 3141 matres,
523 3063 663 3141 Orpheos
678 3078 750 3124 esse
765 3069 859 3123 ratae.

122 3148 218 3209 Natus
233 3155 266 3207 ut
279 3149 428 3210 Althaeae
441 3149 572 3211 flammis
592 3145 769 3208 absentibus
786 3145 868 3219 arsit,

55 3240 112 3295 000
169 3229 221 3292 Sio
233 3237 304 3295 tuus
321 3233 464 3295 ardescat
483 3232 594 3309 stipitis
609 3230 680 3306 igne
693 3245 797 3304 rogus.

123 3315 164 3376 Ut
176 3330 258 3374 nova
270 3314 419 3378 Phasiaca
433 3330 616 3393 comprensa
633 3321 680 3375 est
693 3319 789 3389 nupta
803 3324 928 3389 corona,
1007 3382 1008 3385 Ἴ

167 3399 270 3476 thue
285 3406 371 3475 pater
385 3408 513 3477 nuptae,
530 3413 661 3474 cumque
678 3403 805 3474 parente
820 3395 945 3460 domusr

121 3481 163 3543 Ut
177 3495 269 3543 eruor
281 3482 449 3546 Herculeos
464 3484 537 3545 abiit
551 3480 681 3543 diffusus
697 3481 729 3542 in
743 3488 842 3544 artus.

166 3564 301 3642 corpora
316 3564 494 3642 pestiferum
508 3566 554 3630 sio
567 3573 620 3629 tua
634 3566 719 3627 virus
734 3564 814 3626 edat.
