2318 3960
419 241 462 313 n,
484 236 661 303 lto-491.

162 390 198 451 Et
218 389 340 450 tacitam
360 399 486 451 mensae
501 390 587 451 duxit
606 391 636 450 in
657 392 731 453 orbe
747 401 864 456 rotome

52 472 287 548 essetquibus
303 488 321 532 e
337 473 422 534 sucis
440 472 530 533 abeat
544 473 584 532 de
600 488 731 550 corpore
746 475 834 552 livor,

162 557 320 631 impresso
337 556 403 616 lieri
424 557 476 630 qui
495 559 575 617 solet
594 574 661 631 ore,
683 559 788 619 docet:

120 641 262 714 Denique
280 639 319 698 ab
335 639 457 700 incauto
473 640 598 701 nimium
616 642 691 716 petit
709 643 760 702 iile
776 645 893 719 merito,

164 723 205 784 Se
222 737 347 821 quoque
365 722 407 782 uti
423 730 539 797 servet,
560 732 669 799 peccet
683 733 717 784 ut
705 725 783 786 tilla
797 726 960 806 minus:
1043 741 1068 762 ²⁸·

122 806 201 879 Scit,
221 807 269 866 cui
284 807 409 867 latretur
425 822 479 867 cur
485 807 583 873 solus
601 807 789 883 obambulet,
811 811 889 886 ipse,
1068 800 1072 812 ¹

55 902 108 956 too
166 890 225 951 Cur
238 890 350 950 totiens
366 879 488 952 clausas
506 899 648 966 exscreet
662 899 732 953 ante
751 894 890 955 iores·
983 963 986 974 .,

122 974 351 1048 Multaquet
298 974 351 1033 dat
370 974 439 1033 furti
454 975 524 1036 talis
541 983 720 1051 praecepta,
738 978 898 1053 docetque
983 987 988 1012 ⁶

166 1057 232 1132 Qua
245 1059 359 1133 nuptae
378 1057 499 1132 possint
514 1058 619 1119 tallere
636 1060 675 1120 ab
690 1067 755 1120 arte
772 1062 865 1122 viros

122 1141 186 1201 Nec
205 1140 260 1202 luit
274 1141 333 1202 lroc
348 1140 390 1200 illi
406 1142 519 1216 fraudi,
541 1143 712 1240 legiturque
732 1144 868 1205 Tibullus

165 1225 202 1284 Et
218 1226 332 1301 placet,
350 1233 380 1285 et
398 1225 457 1286 iam
479 1233 509 1286 te
526 1226 664 1302 principe
679 1236 770 1288 notus
786 1236 859 1288 erat.

56 1316 109 1370 465
104 1309 265 1439 AEnvenies
281 1310 388 1406 eadem
402 1308 507 1409 blandi
528 1317 694 1386 praecepta
707 1310 859 1387 Properti
896 1373 908 1401 ,

18 1376 872 1512 nn,

165 1560 295 1620 Nomina
308 1521 447 1622 vivorum
464 1562 657 1622 dissimulare
663 1560 785 1635 iubet
975 1626 978 1631 ,

123 1643 190 1703 Νοιι
205 1643 305 1717 timui,
322 1645 433 1720 fatcor,
453 1662 507 1719 ne,
529 1663 591 1720 qua
607 1622 895 1720 t0(iere>carluee{
948 1623 1000 1732 7,

56 1728 109 1784 sio
166 1727 321 1804 Naulraga
342 1729 474 1790 servatis
495 1729 636 1789 omnibus
656 1745 717 1789 una
738 1731 841 1826 iorets

125 1811 201 1872 Sunt
217 1812 286 1873 aliis
307 1812 454 1887 scriptae,
473 1812 584 1887 quibus
605 1813 674 1874 alea
687 1813 814 1888 luditur,
835 1822 963 1876 artesa..

159 1895 232 1956 ‘Hoc
251 1903 300 1957 est
314 1896 353 1955 ad
371 1903 495 1957 nostros
510 1912 571 1956 non
588 1897 657 1956 leve
674 1896 788 1956 crimen
805 1913 913 1957 nvos...

125 1979 202 2052 Quid
218 1981 339 2040 valeant
357 1981 423 2057 tali,
441 1994 501 2055 quo
522 1979 627 2055 possis
644 1980 774 2055 plurima
792 1982 873 2041 iactu

166 2061 309 2138 Fingere,
331 2063 499 2124 damnosos
522 2062 714 2137 effugiasque
731 2079 840 2125 canes=

56 2146 108 2201 eit
122 2148 256 2207 Tessera
271 2163 349 2221 quos
364 2145 475 2207 habeat
493 2161 651 2220 numeros,
669 2146 802 2207 distante
815 2153 926 2207 vocato

166 2229 285 2290 Mittere
303 2245 364 2305 quo
380 2230 502 2304 deccat,
525 2247 586 2304 quo
603 2231 678 2290 dare
693 2229 791 2290 missa
810 2230 919 2290 mode:

124 2313 268 2374 Discolor
286 2319 319 2373 ut
334 2320 419 2374 recto
434 2319 593 2388 grassetur
607 2313 699 2373 limite
720 2313 818 2385 miles,

169 2396 242 2456 cunr
257 2396 377 2457 medius
393 2396 514 2471 gemino
535 2397 670 2455 calculas
687 2396 777 2456 hoste
797 2396 884 2472 perit,

123 2480 164 2541 Ut
176 2494 264 2554 mage
279 2480 359 2540 velle
374 2480 462 2554 sequi
478 2479 555 2538 sciat
571 2484 601 2538 et
614 2494 763 2540 revocare
778 2480 919 2556 priorem,
1012 2513 1053 2523 -

55 2568 109 2622 480
166 2562 229 2622 Nec
247 2569 310 2623 tuto
331 2563 450 2638 lugiens
467 2562 662 2623 incomitatus
683 2569 740 2622 eat.

122 2646 223 2710 Parva
240 2647 329 2707 sedet
342 2646 437 2707 ternis
453 2645 601 2706 instructa
619 2644 732 2706 tabella
753 2645 874 2720 lapillis,

165 2729 199 2788 ln
215 2746 276 2802 qua
290 2728 405 2790 vicisse
421 2736 469 2790 est
484 2729 683 2789 continuasse
703 2745 796 2789 suos:
952 2732 1054 2808 ines...

123 2813 243 2886 Quique
264 2813 314 2873 alii
336 2813 455 2873 lusus...
475 2828 576 2888 neque
600 2812 679 2871 enim
697 2828 778 2872 nune
796 2828 968 2888 persequar
989 2828 1053 2872 orn·

165 2894 312 2970 Perdere,
332 2911 396 2955 rem
417 2910 533 2968 earam,
555 2903 694 2971 tempora
710 2903 816 2957 nostra
831 2898 941 2957 solent.

57 2985 109 3039 itta
123 2979 206 3039 Ecce
222 2979 304 3040 canit
318 2979 433 3040 ronnas
449 2980 528 3040 alius
548 2979 709 3054 iactusque
723 2979 868 3054 pilarum:

166 3060 224 3122 Hic
239 3069 334 3123 artem
353 3062 445 3122 nandi
466 3062 629 3138 praecipit,
650 3062 700 3121 ilie
719 3060 831 3122 trochi:
916 3113 919 3116 ,

10 3140 15 3171 ”
125 3145 304 3220 composita
319 3153 368 3206 est
382 3145 449 3206 aliis
467 3145 590 3207 lucendi
607 3162 681 3206 eura
697 3144 824 3206 coloris:

167 3228 225 3288 Hic
240 3229 340 3304 epulis
359 3231 445 3304 leges
460 3228 657 3304 hospitioque
673 3229 770 3288 decia

125 3312 212 3372 Alter
227 3310 366 3385 humum,
383 3311 422 3371 de
438 3329 499 3388 qua
514 3312 666 3386 fingantur
682 3312 808 3388 pocula,
830 3317 988 3387 monstrat,

10 3411 15 3453 ι
60 3398 111 3453 too
168 3394 329 3470 Quaeque,
350 3395 455 3468 docet,
473 3395 589 3471 liquido
608 3400 688 3456 testa
702 3394 742 3457 sit
756 3401 828 3472 apta
843 3409 936 3456 mero.

124 3477 210 3539 'ralia
223 3478 369 3539 luduntur
383 3480 505 3540 fumoso
525 3493 632 3539 mense
647 3479 816 3551 Deccmbri,

85 3573 167 3621 omn.
184 3561 238 3622 lii.
457 3578 460 3586 ·
832 3568 850 3622 a

24 262 36 358 ι
