2318 3960
431 216 474 287 V,
497 210 655 277 at-taa.
990 206 1050 280 29?

62 378 101 432 65
116 367 186 428 lura
202 365 295 428 dabat
308 365 425 441 populo
442 366 555 427 senior.
587 366 734 444 finitaque
748 365 839 427 certis

160 449 294 526 Legibus
309 456 357 509 est
371 455 471 523 aetas,
491 452 573 510 unde
589 458 709 527 petatur
723 451 832 512 honor.

118 535 155 594 Et
168 533 288 594 medius
303 533 462 608 iuvenum,
479 548 539 593 non
555 535 782 610 indignantibus
795 533 885 609 ipsis,

159 618 239 690 Ibat,
256 621 286 676 et
300 615 433 691 interior,
456 616 482 676 si
499 632 603 678 comes
619 634 699 679 unus
714 623 788 678 erat.

118 701 222 761 Verba
237 699 306 775 quis
322 697 449 760 auderet
463 713 567 760 coram
581 717 656 762 sene
671 701 764 778 digna
776 698 889 762 rubore

66 797 104 848 το
158 784 282 857 Dicere,
305 798 467 843 censuram
480 784 574 859 longa
587 792 713 846 senecta
727 784 829 856 dabat.
910 829 913 833 .

118 869 265 929 Romulus
280 868 340 927 hoc
353 867 431 927 vidit
444 867 621 944 selectaque
635 877 763 944 pectora
776 875 880 944 patres

158 951 248 1011 Dixit.
280 951 321 1010 ad
334 950 392 1012 hos
407 950 627 1012 urbis'summa
641 954 735 1013 relata
749 967 858 1012 novae.

117 1035 195 1095 Hinc
211 1052 267 1096 sua
280 1035 413 1095 maiores
428 1034 572 1096 tribuisse
584 1035 736 1097 vocabula
749 1036 830 1095 Maio

157 1121 292 1194 Tangor,
315 1125 345 1178 et
364 1117 454 1179 aetati
469 1118 663 1181 consuluisse
677 1135 762 1180 suae.

58 1212 93 1262 ta
115 1203 153 1264 Et
166 1203 303 1264 Numitor
317 1201 434 1262 dixisse
450 1209 553 1277 potest
572 1202 660 1278 “Da,
682 1201 826 1275 Romule,
849 1214 986 1264 mensem

157 1287 245 1347 llunc
260 1285 422 1360 senibus”,
438 1301 496 1346 nec
511 1301 600 1346 avum
617 1286 801 1347 sustinuisse
815 1298 925 1361 nepos.

116 1371 178 1430 Nec
192 1372 260 1431 leve
274 1370 427 1446 propositi
440 1370 552 1447 pignus
568 1385 733 1432 successor
745 1369 872 1430 honoris

156 1455 277 1527 lunius,
295 1455 471 1514 aiuvenum
485 1454 608 1516 nomine
623 1454 738 1530 dictus,
753 1453 867 1514 habet!

115 1540 199 1599 Tunc
214 1540 267 1614 sic,
288 1538 446 1613 neglectos
461 1536 577 1598 hedera
591 1538 731 1600 redimita
745 1537 883 1614 capillos,

68 1629 104 1684 80
158 1622 258 1682 Prima
273 1622 321 1682 sui
339 1623 441 1698 coepit
456 1622 611 1698 calliopea
625 1621 724 1683 chori:

115 1706 263 1767 ‘Duxerat
277 1704 417 1767 Oceanus
434 1704 588 1780 quondam
601 1706 740 1767 Titanida
752 1706 881 1783 Tethyn,

157 1789 212 1864 Qui
227 1798 338 1850 terram
352 1790 492 1865 liquidis,
509 1805 570 1865 qua
584 1796 682 1865 patet,
698 1791 791 1850 ambit
804 1788 903 1866 aquis.

114 1874 192 1934 Hinc
208 1879 275 1935 sata
288 1873 412 1933 Pleione
427 1888 496 1932 cum
511 1871 654 1934 caelifero
671 1874 793 1934 Atlante

41 2008 43 2011 .
155 1957 299 2033 Iungitur,
321 1963 356 2018 ut
369 1957 450 2017 lama
464 1962 520 2030 est,
537 1956 741 2033 Pleiadasque
755 1959 842 2034 parit.

64 2050 100 2104 aa
115 2041 247 2114 Quarum
261 2040 342 2101 Maia
356 2056 429 2101 suas
445 2042 543 2100 lorma
557 2056 725 2116 superasse
740 2057 864 2102 sorores

156 2126 312 2200 Traditur,
335 2132 364 2185 et
379 2140 497 2184 summo
514 2120 718 2186 concubuisse
731 2127 805 2186 lovi.

115 2209 199 2268 Haec
214 2209 305 2269 enixa
319 2209 389 2284 iugo
407 2207 632 2283 cupressiferae
648 2210 799 2286 Cyllenes,

157 2293 342 2352 Aethereum
356 2292 472 2355 volucri
488 2309 540 2367 qur
531 2291 635 2368 pede
652 2294 748 2369 carpit
764 2293 829 2352 iter.

116 2377 254 2436 Arcades
271 2377 363 2450 hunc,
379 2377 549 2450 Ladonque
567 2391 666 2452 rapax
680 2384 709 2437 ct
721 2377 903 2438 Maenalus
896 2392 1003 2479 ingens

63 2469 101 2525 90
156 2461 223 2520 Rite
238 2461 354 2532 colunt,
372 2462 444 2521 luna
459 2461 575 2521 credrta
586 2467 669 2521 terra
684 2463 777 2537 prior.
976 2478 978 2481 ·

114 2544 192 2604 Exul
207 2544 245 2603 ab
260 2506 393 2604 Arcadia
407 2544 511 2604 Latios
524 2542 691 2604 Euander
683 2563 713 2604 tn
728 2561 820 2620 agros

153 2629 303 2702 Venerat,
319 2628 480 2705 impositos
496 2628 696 2704 attuleratque
713 2629 800 2690 deos.

113 2711 184 2784 Hic,
208 2712 259 2771 ubi
274 2728 354 2772 nunc
369 2712 544 2787 Romaest,
563 2712 646 2773 orbis
662 2719 768 2788 caput,
784 2714 876 2773 arbor
889 2719 920 2773 et
932 2709 1046 2773 herbae

155 2795 191 2855 Et
204 2811 323 2872 paucae
338 2796 474 2871 pecudes
490 2802 520 2855 et
534 2812 607 2857 casa
620 2812 690 2856 rara
705 2797 769 2857 luit.
837 2821 840 2826 ’

60 2888 96 2942 95
114 2878 178 2952 Quo
186 2884 351 2955 postquam
358 2885 482 2939 ventum
492 2887 547 2952 est,
560 2880 748 2941 “consistite
757 2885 789 2939 t”
801 2879 943 2956 praescia
951 2886 1046 2939 mater

125 3012 129 3021 .
153 2963 256 3022 “Nam
271 2963 357 3024 loeus
372 2962 491 3038 imperii
507 2980 560 3023 rus
576 2964 631 3023 erit
646 2964 755 3026 istud'’
771 2964 821 3025 ait.

112 3048 150 3107 Et
163 3047 250 3107 matri
265 3053 296 3106 et
310 3046 372 3106 vati
387 3050 473 3121 paret
486 3045 655 3109 Nonacrius
669 3049 771 3124 heroe,

155 3132 251 3206 loque
265 3129 428 3206 peregrina
444 3129 578 3189 constitit
591 3129 709 3207 hospes
724 3132 826 3193 humo.

114 3213 272 3289 Sacraque
287 3215 380 3275 multa
397 3212 534 3289 quidem,
557 3215 615 3275 sed
628 3214 723 3276 Fauni
738 3217 836 3293 prima
851 3217 986 3278 bicornis

45 3309 96 3361 100
151 3298 215 3358 Has
231 3298 337 3359 docuit
350 3304 458 3374 gentes
476 3295 668 3373 alipedisque
683 3300 742 3359 dei.

114 3381 308 3457 Semicaper,
323 3382 434 3443 coleris
449 3379 604 3454 cinctutis,
620 3381 740 3456 Fauna,
756 3383 914 3460 Lupercis,

156 3465 229 3526 Cum
244 3466 373 3526 lustmnt
386 3463 524 3525 celebres
539 3464 654 3524 vellera
669 3472 754 3526 secta
767 3467 844 3526 vias.
