2318 3960
107 211 156 248 vsu
494 198 729 255 PRAEFATIO.

105 336 221 386 convenit
231 350 287 384 cum
297 333 428 386 ovidianis
439 341 464 384 et
470 335 619 401 Vugilianis
630 335 704 386 libris
714 335 739 384 in
749 333 879 385 vocabulis
888 334 1016 400 plurimis:
1029 337 1122 386 scribit

106 404 219 454 disertlm
228 403 378 466 aliquotiens
388 404 495 468 eaelum,
505 405 618 463 Caeliae,
629 406 762 462 eaelatura,
771 409 891 467 mamtue,
899 419 1007 464 scaeua,
1017 419 1120 469 saepes,

104 473 196 535 quibus
214 471 302 522 addidi
320 472 375 520 sine
393 471 465 520 libris
483 480 569 522 coetos
587 482 611 521 et
627 472 775 523 Halaesina.
805 472 923 522 scribite
938 473 1015 538 Iove,
1033 489 1120 538 samm,

105 541 217 605 Procne,
227 540 356 606 quecquid,
368 546 471 602 vertex,
484 555 534 590 non
543 547 649 604 cortem,
661 543 699 605 ei,
712 554 803 602 ceum,
820 538 948 600 Hebron,
961 544 1053 601 umeri,
1068 557 1121 593 non

104 609 212 673 ubique,
220 611 346 674 perime,
357 609 433 672 Grai,
445 608 534 667 Graia,
543 609 642 669 vilicae,
649 609 884 674 perceperam,
894 612 1015 675 querella,
1025 610 1121 674 biceps

105 677 231 742 ethicus,
251 678 379 741 lammina,
394 677 497 736 eumue,
516 677 634 742 conubia,
652 676 764 740 Apulus,
779 691 886 741 erpere,
905 679 983 729 semel
998 694 1118 744 crepuere,

104 748 200 812 tinpueo,
216 746 428 810 sanpetnulentus.
453 745 633 795 Emendatiora
642 746 751 795 servarit
761 745 881 795 nonnulla
892 761 958 809 quae
966 747 1119 798 Ursinianus

104 816 197 878 ubique
207 815 365 879 corruptius,
375 820 502 878 coarctet,
509 815 633 879 pipnera,
643 814 691 879 ab,
701 814 792 879 tbara,
801 816 893 876 pulcer
900 851 908 875 ,
916 829 1018 880 penna,
1034 816 1119 867 obstu-

101 886 160 948 put,
171 890 332 942 mammaeam,
342 883 452 947 ratberto,
462 885 570 947 quoties,
585 884 669 946 toties,
679 882 897 948 commentatae,
907 899 1053 945 accersere,
1070 900 1118 935 ea-

102 951 206 1015 orbm,
221 966 374 1015 eraperare.
401 949 519 1001 Obsoleta
536 951 612 1001 habet
627 952 792 1012 petavianus,
810 965 861 1001 non
875 961 990 1017 recepta,
1010 956 1118 1020 apsenti}

103 1021 219 1085 quincta,
236 1021 334 1084 aduae,
350 1019 473 1081 demtis,
489 1018 549 1070 kari
554 1057 561 1081 ‚
576 1019 758 1086 tumemus,
773 1027 813 1069 ter
822 1021 887 1074 nuile
908 1020 1003 1085 Recepi
1015 1031 1117 1084 nancta,

100 1103 208 1150 pansos,
219 1089 287 1151 quod
297 1095 335 1138 est
345 1103 360 1137 a
370 1089 524 1138 comotione
534 1088 631 1154 primae
642 1103 746 1148 manus,
756 1089 909 1149 bimenstris,
920 1092 1014 1148 clama,
1024 1091 1050 1139 in
1059 1105 1118 1156 per-

102 1172 166 1206 sona
175 1157 242 1218 lani,
257 1166 324 1216 tum,
339 1157 408 1220 quod
417 1163 561 1207 constanter
575 1158 705 1218 scribitur,
716 1171 804 1222 capro
813 1173 862 1217 aa,
874 1173 957 1222 neque
966 1158 1048 1208 solum
1057 1162 1116 1221 uolt,

103 1226 234 1275 sedetiam
243 1227 319 1276 eltooc
330 1223 415 1284 1264,
432 1226 501 1288 quod
511 1225 626 1276 fortassis
638 1226 726 1276 eadem
737 1228 899 1276 excusatione
913 1242 943 1276 ac
951 1229 1035 1278 ciuem
1044 1227 1117 1278 exhi·

102 1294 156 1343 beri
164 1301 274 1358 poterat,
285 1296 367 1359 river,
377 1308 438 1345 auor
446 1295 499 1354 his,
508 1297 604 1346 volvont
612 1332 619 1355 ‚
628 1297 736 1354 roboat,
747 1309 812 1358 quae
822 1296 903 1346 abieci
912 1303 1000 1360 utpote
1011 1297 1117 1348 abuero

102 1361 226 1413 Ouidiano
234 1364 377 1413 testimonio
387 1363 509 1414 iustorum
518 1364 602 1414 Verrii
612 1364 694 1415 Flacci
703 1364 793 1413 aliena.
812 1364 992 1415 Accusativum
1001 1367 1027 1415 in
1035 1367 1058 1416 ia
1065 1373 1117 1416 ter-

102 1432 222 1481 minatum
232 1434 348 1494 quotiens
360 1433 386 1480 in
397 1432 482 1484 Peter.
492 1432 663 1498 deprehendi,
672 1432 782 1484 reddidi.
802 1432 833 1482 Et
841 1431 884 1482 hie
893 1439 917 1482 et
927 1448 992 1496 quse
1000 1433 1116 1498 proxime

101 1501 216 1550 recensui
231 1500 263 1549 ab
280 1499 414 1550 Ursiniauo
429 1501 521 1549 absunt
538 1502 631 1552 omnia.
655 1503 789 1551 Praeterea
804 1501 928 1563 quaedam
946 1517 1042 1567 magna>
1056 1518 1116 1553 con·

101 1569 194 1618 stantia
208 1568 284 1617 habet
298 1567 368 1617 solus
381 1568 546 1626 Petavianus,
566 1583 631 1631 quae
646 1570 761 1632 quamvis
780 1569 859 1618 dubia
874 1578 957 1619 tamen
972 1571 1116 1622 abiicienda

101 1651 151 1686 uon
161 1637 263 1701 putari,
274 1635 422 1700 aethereus,
436 1635 559 1700 Cerialis,
568 1651 687 1700 puppera,
694 1639 793 1702 foetus,
802 1638 950 1701 soeeuaaies.
971 1640 1041 1689 Idem
1051 1640 1116 1690 liber

103 1705 162 1767 quid
177 1706 203 1753 iu
218 1705 447 1769 praepositionibus
465 1712 598 1767 sequatur,
618 1706 815 1770 supradictum.
845 1707 918 1766 Quod
934 1714 1039 1770 uterque
1051 1708 1114 1759 liber

101 1773 195 1836 ubique
205 1773 375 1833 Parraetdem
392 1771 537 1837 Tyrrenos,
554 1775 656 1839 Pyrrus
667 1774 756 1833 habet,
770 1775 804 1823 iis
815 1789 950 1836 accenseo,
966 1791 1032 1840 quae
1041 1790 1113 1840 prae·

102 1848 169 1891 terea
181 1842 207 1891 in
215 1842 438 1904 utroquebarbara
447 1841 590 1906 abundant,
607 1845 726 1906 titubare,
737 1843 845 1907 serdille,
857 1843 944 1909 micat,
956 1844 1049 1910 tactu,
1064 1861 1115 1896 ma·

100 1911 217 1975 mnium,
226 1909 334 1971 similia,
346 1909 505 1976 haud'digna
515 1920 721 1965 commemoratu.
738 1910 790 1962 Sed
799 1919 928 1962 ostensam
940 1920 978 1963 est
986 1928 1068 1976 neque
1080 1915 1115 1964 le·

99 1979 165 2028 viter
177 1992 260 2040 neque
276 1994 335 2028 casu
356 1979 441 2041 aliquo
454 1979 544 2029 horum
555 1979 677 2031 librorum
690 1981 898 2031 consuetudinem
913 1981 1051 2034 discedere.
1077 1983 1115 2033 De

100 2048 156 2098 eius
169 2048 324 2098 discriminis
337 2049 422 2097 causis
434 2055 459 2098 et
470 2048 566 2112 origine
579 2049 657 2099 nolim
669 2051 818 2100 coniectare.
840 2050 911 2100 lllata
919 2050 977 2100 libri
987 2049 1115 2101 Ursiniani

100 2117 164 2166 ratio
174 2116 274 2166 videtur
283 2117 308 2165 in
318 2115 409 2166 librum
420 2116 537 2179 aliquem,
550 2118 590 2166 cui
599 2117 709 2168 affinitas
718 2117 767 2168 luit
775 2132 833 2168 enm
839 2119 986 2169 Petaviano.
1001 2119 1115 2184 Apparet

100 2187 241 2235 etiamnunc
257 2185 397 2236 communis
410 2184 453 2234 illa
462 2184 591 2237 Petariani
602 2193 627 2236 et
636 2186 765 2237 Ursiniaui
775 2185 832 2236 libri
848 2188 919 2252 origo
932 2202 989 2236 cnm
1000 2202 1032 2236 ex
1040 2188 1114 2237 ianu-

102 2254 176 2304 mesis
189 2253 335 2318 scripturis,
352 2254 379 2303 in
391 2253 483 2316 quihus
495 2253 537 2303 alii
547 2269 648 2318 quoquc
660 2256 717 2306 libri
731 2256 895 2306 conveniunt.
908 2262 962 2304 tum
976 2270 1007 2305 ex
1017 2256 1060 2321 iis,
1068 2256 1114 2306 ubi

101 2318 740 2388 sollrcrumserrarunt‚1373,11412,secundum
748 2323 816 2388 coll,
826 2323 861 2372 IV
870 2320 932 2388 695,
940 2330 994 2373 tum
1002 2325 1114 2375 maxims

100 2406 132 2440 ex
145 2390 201 2451 his,
217 2405 281 2454 qnae
296 2406 328 2440 ex
343 2392 467 2441 accuratis
483 2390 659 2442 collationibus
676 2393 836 2458 prodierunt,
854 2391 990 2441 levioribus
1004 2394 1113 2461 mendis,

99 2456 172 2510 1593
185 2460 252 2509 alitis
261 2474 327 2509 aura
335 2461 374 2519 P.‚
388 2461 467 2511 aleris
476 2475 542 2510 aura
552 2460 594 2523 6.,
604 2458 658 2512 322
667 2475 760 2526 repas,
773 2461 838 2524 cpit,
851 2455 933 2512 11493
943 2460 1027 2509 nubila
1039 2464 1113 2522 caeli,

100 2524 152 2579 549
160 2542 243 2589 omne,
258 2524 309 2580 587
318 2529 430 2593 tacebat,
442 2529 555 2594 iacebat,
568 2525 621 2581 688
631 2531 658 2578 in
669 2529 749 2588 bona,
761 2528 797 2577 IV
805 2524 856 2579 666
868 2543 919 2578 uua
930 2529 1046 2588 iraeneo,
1059 2526 1114 2580 824

99 2597 216 2662 matur,
226 2593 278 2647 842
286 2597 312 2646 in
320 2596 372 2661 hia,
382 2595 435 2650 888
443 2601 546 2660 aucupem
551 2598 640 2662 serem,
650 2605 704 2647 tum
714 2612 747 2647 ex
756 2597 797 2656 iis,
808 2596 900 2658 quibus
910 2597 947 2645 ita
954 2603 1050 2645 tantum
1061 2598 1114 2647 dis-

100 2665 200 2725 cedunt,
210 2665 272 2714 utin
282 2665 360 2716 altaro
369 2665 498 2732 glossema
506 2667 540 2715 sit
552 2661 900 2731 receptum‚1393racemif.‚
911 2663 1050 2728 coruscabili,
1060 2662 1113 2718 665

99 2734 228 2798 Bestiam,
246 2735 367 2799 Vitltcur,
379 2731 461 2786 11322
469 2740 571 2798 vastas,
582 2748 701 2798 amnas,
713 2730 766 2785 592
778 2732 1009 2797 scammum,
1023 2747 1113 2784 concu-

99 2802 195 2868 buisse,
205 2798 258 2854 594
263 2805 356 2868 prima,
368 2818 466 2869 mapsa,
481 2799 604 2867 6441155,
617 2802 691 2861 dona,
709 2798 743 2850 m
754 2800 787 2855 lt)
796 2800 888 2866 dipnc,
899 2816 1003 2867 mappa,
1014 2797 1068 2853 452
1076 2806 1113 2853 iu·

98 2870 151 2935 bis,
162 2872 250 2936 comis,
262 2867 315 2923 669
326 2873 448 2937 incincta,
461 2870 588 2928 recincta,
599 2866 657 2921 819·
665 2872 744 2930 telae,
762 2872 845 2930 laum,
863 2877 887 2919 et
898 2879 1061 2933 utrumquem
1072 2886 1112 2937 pr.

99 2952 150 2988 ma.
162 2940 189 2988 in
201 2938 287 2988 Peter.
299 2947 439 3000 serratum,
451 2937 501 2992 861
515 2939 604 3000 rmae'a,
618 2938 700 3000 mittis,
712 2933 764 2989 875
777 2938 882 3003 Flebat,
894 2939 1001 3003 Frater,
1013 2938 1048 2988 IV
1060 2937 1113 2992 299

98 3007 191 3067 tundit,
200 3009 302 3073 putent,
314 3005 367 3059 214
374 3010 471 3072 nasos,
486 3022 573 3066 aanor,
588 3001 640 3058 247,
648 3006 713 3055 unde
721 3008 818 3071 quesita
828 3008 882 3061 Pet.
892 3009 1002 3072 ascripta
1011 3022 1062 3060 ma.
1071 3023 1110 3074 pr.

98 3075 182 3128 Ursin.
193 3090 242 3124 scr.
250 3079 345 3141 petita,
356 3074 408 3129 655
417 3077 548 3140 spargitur
556 3088 636 3138 aqua,
646 3075 723 3126 unda.

166 3146 248 3194 Aucta
262 3144 354 3195 deinde
373 3145 493 3195 librorum
510 3142 691 3193 dissimilitudo
706 3144 816 3207 primunr
830 3145 1073 3196 immemorabilibus
1087 3151 1111 3194 et

98 3212 287 3262 incredibilibus
307 3211 402 3262 librarii
420 3214 506 3265 Petar.
526 3211 666 3272 erroribus,
684 3213 776 3275 quibus
794 3214 920 3263 interdum
936 3221 1009 3264 vetus
1026 3212 1112 3276 aliqua

97 3282 221 3347 scriptura
238 3282 343 3331 subesse
355 3283 452 3346 possit,
473 3292 539 3343 quae
551 3280 577 3330 in
591 3279 727 3346 archetypo
741 3283 852 3346 ascripta
865 3281 950 3335 merit.
969 3283 1008 3331 Ita
1018 3281 1112 3331 iniuria

97 3349 158 3402 slim
167 3349 306 3417 contempsi
317 3349 386 3413 quod
397 3344 468 3401 1547
479 3350 506 3399 in
517 3350 573 3414 ipso
585 3363 661 3398 versu
672 3348 766 3414 legitur
775 3357 864 3401 aanor
876 3351 1005 3413 timer,
1023 3356 1049 3399 et
1060 3349 1112 3399 lor-

97 3427 165 3468 tassc
175 3433 241 3470 nnnc
250 3418 371 3468 utendum
382 3417 430 3468 init
440 3418 498 3478 hoc,
509 3417 867 3481 quodextatinPetav.14lll
877 3419 953 3469 amon
961 3419 995 3467 υἱ·
1005 3424 1075 3483 ama,
1091 3419 1110 3470 i.

96 3503 120 3537 e.
136 3487 237 3553 dempto
249 3489 336 3538 variae
348 3488 490 3552 scripturae
501 3489 575 3552 signo
593 3485 695 3537 litberto
707 3495 794 3549 napta.
823 3488 843 3537 1.
856 3484 909 3538 395
921 3494 960 3536 est
972 3487 1016 3536 liet
1032 3501 1110 3553 supra
