2318 3960
98 185 139 249 80
489 183 717 246 Τ1118Τ111Μ

120 390 160 482 3ο
180 387 238 484 llla
253 423 319 483 dies
333 419 411 482 haec
426 431 488 492 est,
506 436 566 494 qua
580 427 610 479 te
624 419 779 480 celebrare
794 427 951 497 poetae...

224 506 257 567 Si
271 506 364 567 modo
379 522 441 566 non
458 505 564 562 lallnnt
577 511 745 579 tempora...
762 505 901 580 Bacche,
918 508 1033 587 solent,

181 593 335 664 Festaque
350 588 486 649 odoratis
501 588 657 648 innectunt
670 594 809 663 tempora
823 589 925 666 sertis,

224 673 262 733 Et
276 674 380 734 dicunt
393 671 501 732 laudes
518 670 558 730 ad
573 678 626 731 tua
639 670 712 730 vina
725 678 805 731 tuas.

154 767 170 819 5
185 760 266 817 inter
282 772 377 833 quos,
394 754 530 827 memini,
547 755 618 816 dum
632 770 681 814 me
696 771 764 814 mea
779 756 841 815 lata
854 755 1011 832 sinebant,

222 841 289 900 Non
304 841 404 900 invisa
417 838 470 898 tibi
484 854 556 913 pars
571 853 628 912 ego
644 854 740 914 saepe
754 839 805 912 lui,

185 926 279 999 Quem
294 940 375 985 nunc
389 923 583 999 suppositum
598 922 694 982 stellis
711 921 925 999 Cynosuridos
939 925 1042 988 ursae

224 1010 330 1070 luncta
343 1013 426 1067 tenet
440 1006 543 1067 crudis
559 1005 704 1066 Sarmatis
720 1022 775 1067 ora
791 1007 884 1068 Getis.

186 1092 304 1168 Quique
319 1092 403 1167 prius
419 1091 541 1152 mollem
555 1105 745 1165 vacuamque
760 1090 918 1153 laboribus
932 1093 984 1168 egi

134 1187 170 1240 10
224 1178 257 1235 In
274 1175 382 1236 studiis
398 1175 490 1235 vitam
504 1173 719 1249 Pieridumque
735 1173 839 1247 choro,

184 1261 269 1320 Nunc
284 1260 425 1335 procula
439 1259 538 1335 patria
553 1257 665 1318 Geticis
681 1257 891 1319 circumsonor
905 1260 1013 1335 armis,

225 1344 320 1404 Multa
335 1345 419 1419 prius
435 1343 544 1418 pelago
559 1343 714 1416 multaque
728 1358 842 1418 passus
856 1341 962 1403 humo.

186 1428 258 1488 Sive
272 1427 345 1487 mihi
360 1443 467 1499 casus,
484 1428 550 1486 sive
569 1425 629 1485 hoc
645 1425 730 1485 dedit
743 1425 789 1485 ira
804 1426 941 1501 deorum,

225 1511 334 1572 Nubila
348 1511 485 1569 nascenti
501 1525 557 1570 seu
572 1508 644 1568 mihi
658 1508 754 1570 Parca
769 1509 833 1583 luit,

137 1605 170 1658 15
183 1596 227 1656 Tu
241 1603 342 1654 tamen
357 1608 374 1652 e
389 1595 485 1653 sacris
500 1592 635 1652 hederae
651 1593 819 1654 cultoribus
834 1610 929 1655 unum

226 1678 353 1738 Numine
368 1675 519 1737 debueras
535 1677 719 1738 sustinuisse
733 1684 796 1738 tuo.

186 1764 234 1822 An
251 1760 393 1823 dominae
408 1760 460 1820 lati
476 1760 621 1836 quicquid
636 1762 775 1822 cecinere
789 1776 924 1834 sorores,

230 1845 325 1906 Omne
340 1844 397 1905 sub
413 1844 535 1905 arbitrio
553 1845 665 1905 desinit
679 1861 750 1905 esse
765 1845 837 1905 deit

186 1931 258 2007 lpse
275 1943 399 2005 quoque
414 1928 564 1990 aetherias
583 1929 696 1989 meritis
712 1930 851 1989 invectus
866 1944 901 1990 es
917 1945 1018 2004 arces,

137 2027 172 2079 20
247 2014 312 2088 Quo
328 2029 390 2074 non
405 2014 517 2088 exiguo
533 2013 613 2073 lacta
627 2013 732 2076 labore
746 2013 798 2072 via
812 2019 868 2073 est.

187 2099 249 2158 Nec
265 2097 363 2172 patria
377 2104 424 2156 est
438 2096 572 2156 habitata
586 2095 656 2170 tibi,
671 2097 728 2156 sed
744 2097 886 2171 adusque
901 2097 1047 2160 nivosum

230 2181 395 2258 Strymona
410 2181 518 2240 venisti
534 2179 785 2255 Marticolamque
800 2180 905 2255 Geten,

188 2265 377 2338 Persidaque
392 2269 421 2322 et
435 2264 495 2323 lato
512 2264 695 2338 spatiantem
710 2264 836 2325 flumine
852 2263 989 2339 Gangen,

229 2349 266 2406 Et
281 2362 491 2422 quascumque
504 2347 580 2407 bibit
594 2347 730 2409 discolor
744 2348 838 2407 lndus
854 2363 963 2423 aquas.

139 2445 172 2497 25
189 2431 311 2491 Scilicet
324 2430 404 2490 hanc
420 2431 518 2506 legem
534 2438 640 2491 nentes
657 2433 758 2493 satalia
772 2431 887 2491 Parcae

232 2514 367 2574 Stamina
379 2514 427 2575 bis
441 2516 542 2590 genito
558 2515 605 2575 bis
622 2516 760 2576 cecinere
776 2515 837 2575 tibi.

189 2600 238 2658 Me
254 2613 393 2674 quoqne,
410 2599 436 2658 si
452 2599 499 2659 las
514 2605 561 2660 est
576 2601 724 2675 exemplis
740 2600 784 2658 ire
799 2598 937 2673 deorum,

230 2683 342 2743 Ferrea
357 2699 425 2743 sors
440 2683 521 2742 vitae
536 2683 732 2758 difficilisque
745 2683 864 2762 premit.

186 2768 240 2829 lllo
258 2782 314 2826 nec
328 2767 426 2827 levius
443 2767 553 2837 cecidi,
576 2783 665 2842 quem
681 2783 791 2843 magna
805 2768 937 2828 locutum

140 2863 174 2916 30
229 2850 374 2926 Reppulit
389 2866 407 2909 a
421 2850 532 2910 Thebis
548 2850 684 2926 luppiter
698 2851 767 2925 igne
782 2866 849 2910 suo.

190 2935 230 2995 Ut
243 2942 343 2995 tamen
358 2934 470 2995 audisti
485 2949 665 3009 percussum
680 2935 803 2995 fulmine
819 2940 928 3007 vatem,

231 3017 397 3077 Admonitu
412 3018 516 3077 matris
532 3018 732 3079 condoluisse
746 3024 851 3093 potes·

190 3103 227 3161 Et
242 3108 345 3176 potes,
362 3101 516 3176 aspiciens
533 3101 645 3161 circum
660 3108 712 3162 tua
727 3117 816 3162 sacra
829 3108 950 3177 poetas

233 3184 355 3244 ‘Nescio
371 3185 441 3259 quis
456 3185 564 3259 nostri’
581 3185 683 3245 dicere
698 3187 808 3246 ‘cultor
822 3184 932 3246 abest?

141 3276 174 3327 35
188 3269 260 3338 Fer,
276 3267 357 3328 bone
371 3267 475 3343 Liber,
492 3285 591 3344 opem.
628 3269 673 3329 sic
687 3270 782 3330 altera
797 3269 944 3345 degravet
957 3267 1069 3331 dmm

228 3351 307 3412 Vitis
323 3357 352 3410 et
366 3350 484 3412 incluso
501 3353 592 3427 plena
606 3352 645 3412 sit
658 3370 719 3413 uva
733 3369 833 3413 meroe

81 3468 83 3476 ·
190 3435 241 3496 Sic
256 3434 308 3497 tibi
325 3451 392 3493 oum
407 3435 538 3495 Bacchis
558 3434 737 3513 Satyrorum
753 3452 853 3512 gnava
868 3436 1008 3497 iuventus
