2318 3960
370 214 390 278 l,
413 211 441 285 9,
462 213 598 282 etl-10.
619 216 670 280 36.

26 357 101 454 10·
160 397 350 460 uuacco

115 493 204 590 Naso
220 545 278 590 suo
294 533 443 608 prologus
460 534 549 597 mittit
561 533 624 606 tibi,
643 523 762 609 Flacco,
784 534 929 599 salutem

154 613 274 675 Mittere
286 628 351 674 rem
367 617 489 692 siquis,
513 634 575 695 qua
590 625 673 678 earet
686 618 765 693 ipse,
786 625 899 694 potest

111 697 238 773 Longus
252 699 333 758 euim
349 701 430 761 curis
443 702 582 764 uitiatum
597 717 711 778 corpus
725 702 838 766 ‚amaris

153 781 220 842 Non
236 783 348 858 patitur
360 784 443 845 vires
457 786 588 861 languor
601 785 715 847 habere
729 801 813 847 suas.

80 865 172 928 eNec
188 865 278 927 dolor
291 868 373 929 ullus
387 868 486 946 adest,
509 886 567 931 nec
581 869 717 931 febribus
732 886 804 935 uror
818 869 945 945 anhelis,

151 950 189 1011 Et
204 952 322 1027 peragit
335 952 418 1012 soliti
431 969 512 1014 vena
525 954 640 1014 tenoris
654 955 720 1014 iter.

111 1033 153 1094 Os
168 1033 264 1094 hebes
280 1042 336 1110 est
360 1037 542 1113 positaeque
557 1044 681 1098 movent
695 1037 818 1099 lastidia
832 1053 967 1112 mensae,

151 1117 190 1178 ltt
203 1135 325 1194 queror,
346 1121 438 1181 invisi
452 1137 521 1182 eum
535 1122 619 1182 veuit
632 1121 708 1182 hora
725 1122 794 1182 cibi.

110 1202 199 1278 Quod
212 1219 306 1280 mare,
327 1207 411 1280 quod
426 1207 524 1283 tellus,
545 1221 677 1283 appone,
696 1206 782 1283 quod
796 1205 906 1265 educat
920 1222 982 1280 aer,

63 1297 100 1349 10
150 1287 198 1346 ttil
212 1287 263 1362 ibi,
287 1288 372 1364 quod
385 1289 476 1350 nobis
491 1290 651 1362 esuriatur,
672 1287 737 1349 erit.

106 1371 219 1431 Nectar
233 1378 263 1431 et
277 1371 471 1449 ambrosiam,
494 1374 600 1435 latices
615 1373 786 1450 epulasque
800 1373 935 1448 deorum,

150 1455 207 1514 Det
222 1455 293 1515 mihi
308 1458 444 1518 formosa
458 1474 538 1518 nava
552 1458 679 1519 Iuventa
693 1473 799 1516 manu:

106 1539 174 1599 Non
186 1545 288 1599 tamen
304 1548 433 1600 exacuet
446 1548 571 1617 torpens
587 1557 682 1617 sapor
695 1541 746 1600 ille
760 1541 902 1616 palatum,

149 1621 247 1683 Stabit
260 1630 290 1683 et
303 1623 334 1684 ln
349 1625 508 1686 stomacho
524 1627 647 1703 pondus
660 1625 756 1687 inerte
771 1625 833 1686 diu

62 1715 99 1767 15
111 1706 196 1766 Haec
211 1722 270 1782 ego
284 1723 346 1767 non
361 1709 469 1783 ausim,
492 1725 560 1770 euro
575 1710 637 1770 siut
650 1708 820 1782 verissima,
844 1709 943 1773 cuivis

150 1789 300 1851 Scribere.
335 1791 461 1853 delicias
476 1809 515 1853 ne
529 1795 610 1854 mala
623 1800 729 1854 nostra
742 1799 842 1853 vocet.

108 1872 231 1935 Scilicet
244 1874 271 1935 is
286 1881 384 1938 status
398 1883 454 1950 est,
477 1892 515 1938 ea
531 1893 633 1938 rerum
647 1878 745 1937 torma
758 1891 901 1951 mearum,

147 1957 271 2019 Deliciis
287 1959 377 2020 etiam
391 1961 493 2035 possit
506 1968 539 2021 ut
552 1976 624 2022 esse
637 1962 734 2020 loeus.

106 2041 239 2103 Delicias
253 2041 296 2102 illi
310 2057 423 2118 precor
434 2043 492 2104 has
507 2045 692 2119 contingere,
715 2043 813 2118 siquis

60 2134 99 2187 20
151 2126 195 2186 Ne
210 2125 284 2186 milri
298 2127 338 2188 sit
351 2127 449 2187 levior
463 2127 606 2189 Caesaris
615 2128 673 2199 ira,
694 2127 787 2189 timet.

107 2209 137 2270 Is
153 2224 287 2286 queque,
310 2212 362 2285 qui
375 2211 481 2285 gracili
496 2211 582 2272 cibus
597 2217 645 2273 est
659 2212 691 2272 iu
704 2226 843 2287 corpere,
866 2224 1001 2288 somnus,

146 2293 213 2353 Non
229 2293 282 2354 alit
296 2294 398 2355 officio
413 2311 526 2370 corpus
540 2297 632 2360 inane
646 2311 713 2356 suo.

105 2375 169 2437 Sed
183 2377 284 2452 vigilo,
310 2378 495 2454 vigilantque
510 2379 570 2439 mei
583 2380 652 2440 siue
666 2380 727 2439 line
742 2381 876 2454 dolores,

148 2459 279 2534 Quorum
294 2462 450 2522 materiam
465 2462 517 2523 dat
531 2465 617 2525 loeus
632 2465 701 2539 ipse
715 2464 797 2524 mihi.

59 2554 94 2607 25
105 2545 168 2604 Vix
182 2543 273 2619 igitur
287 2546 391 2619 possis
408 2547 495 2608 visos
509 2563 679 2623 agnoscere
695 2548 805 2622 vultus,

149 2628 277 2703 Quoque
291 2629 368 2704 ierit,
391 2645 532 2705 quaeras,
556 2630 608 2706 qui
622 2631 677 2692 luit
690 2639 769 2706 aute,
792 2634 887 2693 color.

102 2712 219 2773 Parvus
234 2713 265 2772 iu
281 2713 377 2774 exiles
393 2729 488 2776 sucus
502 2714 575 2774 mibi
590 2715 730 2790 pervenit
744 2722 843 2777 arcusa

144 2794 343 2872 Membraque
357 2805 429 2859 suut
443 2813 514 2859 cera
530 2798 691 2874 pallidiora
704 2813 796 2858 nova.

101 2880 170 2941 Nou
184 2880 262 2941 haee
276 2881 431 2942 inmodico
447 2883 585 2945 conbaxi
601 2883 713 2942 damna
725 2881 846 2958 Lyaeos

59 2974 95 3028 tle
149 2962 227 3040 Seis,
249 2964 323 3024 mibi
338 2981 430 3040 quam
445 2967 531 3028 solae
545 2981 645 3042 paene
657 2964 800 3025 bibantur
812 2981 922 3041 aquae.

101 3047 169 3108 Non
184 3049 283 3125 epulis
299 3064 421 3110 oneror.
450 3065 576 3125 quarum
590 3050 617 3110 si
632 3056 740 3125 tangar
754 3063 867 3123 amore,

142 3131 198 3192 Est
211 3138 311 3192 mmeu
326 3132 357 3193 in
373 3134 485 3195 Geticis
501 3134 592 3209 eopia
605 3133 688 3194 nulla
703 3132 790 3193 locis.

101 3216 165 3277 Nee
179 3216 262 3276 vires
278 3217 383 3278 adimit
395 3218 517 3278 veneris
532 3218 682 3278 damnosa
695 3217 854 3291 voluptasz

142 3299 211 3360 Non
225 3300 305 3361 solet
318 3301 349 3361 in
364 3308 500 3363 maestos
514 3302 566 3362 illa
580 3300 685 3360 venire
697 3306 792 3360 torua.

58 3391 94 3445 35
104 3382 196 3444 Unda
211 3384 361 3460 locusque
375 3393 486 3446 nocent
500 3393 531 3446 et
544 3399 639 3445 eausa
652 3386 802 3445 valentior
815 3381 891 3456 istie,

143 3466 294 3528 anxietas
309 3468 409 3544 animi,
436 3484 515 3544 quae
530 3469 602 3528 mibi
616 3483 738 3544 semper
752 3469 849 3528 adest
