2318 3960
105 177 169 244 282
485 175 737 237 casloltuot

190 329 267 388 Hinc
282 327 459 389 Camerinan
475 327 538 387 adit
550 327 756 404 Thapsonque
771 334 801 387 et
817 326 941 386 Heloria
954 326 1079 403 Tempe,

191 448 194 452 -
233 412 361 488 Quaque
375 418 459 488 patet
472 410 610 489 zephyro
626 426 749 486 semper
763 416 888 486 apertus
902 409 998 486 Eryx.

135 510 139 518 ·
190 496 315 570 lamque
327 494 506 555 Peloriaden
521 493 738 572 lilybaeaque,
760 493 882 568 iamque
895 491 1065 570 Pachynon

123 587 176 640 480
232 578 401 654 Lustrarat,
423 583 521 636 terrae
535 592 652 638 cornua
665 576 744 637 trina
758 592 843 638 suae.

189 661 387 737 Quacumque
400 659 581 735 ingreditur,
596 659 716 741 miseris
731 661 801 721 loca
815 665 925 721 cuncta
944 659 1090 734 querellis

229 745 350 819 implet,
372 751 404 804 ut
418 742 564 803 amissum
579 759 647 804 cum
662 743 754 818 gemit
767 743 832 804 ales
846 744 925 820 Ityn.

188 826 306 901 Perque
316 827 402 888 vices
413 826 506 886 modo
519 825 748 902 ‘Persephone’
763 827 857 888 modo
869 825 985 886 ε111101
999 830 1118 904 clamat,

230 910 352 984 Clamat,
375 915 406 970 et
420 909 543 970 alternis
558 925 668 971 nomeu
681 917 843 987 utrumque
857 911 926 971 ciet.

118 1002 173 1056 485
190 991 251 1052 Sed
267 1009 368 1068 neque
381 992 578 1067 Persephone
593 994 746 1067 Cererem,
769 1009 827 1055 nec
841 993 904 1054 filia
917 1001 1046 1055 matrem

228 1076 337 1150 Audit,
357 1085 387 1137 et
401 1077 525 1137 alternis
541 1092 652 1138 nomen
664 1083 825 1152 utrumque
838 1076 926 1152 perit.

188 1159 330 1235 Unaque,
350 1167 505 1235 pastorem
518 1159 649 1221 vidisset
662 1177 701 1221 an
717 1176 792 1220 arva
806 1161 964 1232 colentem,

228 1244 299 1303 Vox
313 1250 378 1303 erat
392 1243 468 1302 ‘Hac
482 1259 609 1318 gressus
624 1258 724 1319 ecqua
737 1244 840 1320 puella
853 1243 952 1304 tulitt’

189 1326 250 1385 lam
267 1326 353 1387 color
366 1343 446 1387 unus
460 1326 541 1386 inest
553 1327 655 1401 rebus,
671 1325 868 1402 tenebrisque
882 1332 1024 1403 teguntur

120 1417 175 1471 490
230 1409 345 1469 Omnia.
374 1410 433 1468 iam
448 1409 556 1485 vigiles
571 1410 743 1470 conticuere
758 1425 862 1471 canes.

187 1493 259 1552 Alta
272 1493 351 1552 iacet
365 1493 442 1554 vasti
457 1509 552 1569 super
566 1508 620 1554 ora
633 1492 799 1570 Typhoeos
813 1495 921 1568 Aetne,

229 1575 321 1636 Cuius
336 1575 484 1637 anhelatis
499 1575 620 1651 ignibus
636 1577 723 1637 ardet
736 1577 856 1638 humus.

188 1659 251 1718 lllic
266 1659 405 1719 accendit
418 1657 554 1734 geminas
570 1674 625 1736 pro
641 1659 783 1736 lampade
796 1660 918 1735 pinus...

229 1741 305 1802 Hirro
320 1742 437 1803 Cereris
453 1743 550 1803 sacris
569 1758 649 1802 nunc
664 1758 790 1818 quoque
803 1744 895 1805 taeda
908 1744 1026 1806 datur...

118 1831 172 1885 495
186 1825 241 1886 Est
255 1841 366 1901 specus
383 1826 468 1886 exesi
483 1831 635 1888 structura
648 1827 776 1902 pumicis
791 1843 892 1902 asper,

226 1909 292 1969 Non
307 1909 420 1970 homini
436 1909 536 1986 regio,
559 1925 621 1971 non
636 1910 779 1971 adeunda
793 1911 891 1971 Peraea

188 1992 252 2066 Quo
268 1992 358 2054 simul
372 2011 409 2054 ac
422 1993 520 2068 venit,
543 1995 678 2055 frenatos
694 1992 832 2055 cruribus
846 2009 963 2070 angues

226 2077 338 2151 iungit,
361 2084 391 2136 et
404 2092 576 2152 aequoreas
591 2079 675 2137 sicca
689 2084 826 2153 pererrat
840 2093 949 2152 aquas.

187 2159 299 2234 Effugit
313 2167 343 2220 et
357 2159 464 2236 Syrtes
480 2169 511 2221 et
525 2169 563 2232 te,
583 2161 734 2222 Zanclaea
748 2159 928 2239 charybdis,

121 2251 173 2302 500
228 2243 266 2303 Et
283 2258 356 2319 vos,
372 2244 490 2317 Nisaei,
511 2246 659 2320 naufraga
673 2251 817 2318 monstra,
840 2259 943 2320 canes,

187 2325 430 2402 Hadriacumque
446 2334 553 2402 patens
569 2329 642 2399 late,
664 2326 872 2403 bimaremque
887 2327 1063 2389 corinthon.

186 2397 195 2418 ‘
227 2408 278 2470 Sic
292 2409 375 2469 veuit
388 2409 428 2469 ad
443 2417 560 2486 portus,
575 2410 677 2472 Attica
689 2416 779 2486 terra,
796 2417 878 2472 tuos.

186 2494 241 2552 Hic
257 2492 385 2567 primum
400 2494 480 2554 sedit
493 2493 595 2569 gelido
611 2493 815 2556 maestissima
829 2509 917 2555 saxo.

226 2576 303 2636 Illud
317 2575 504 2652 cecropidae
519 2594 599 2639 nunc
614 2593 738 2654 quoque
751 2578 836 2638 triste
849 2585 971 2638 vocant.

120 2669 172 2722 505
187 2659 250 2720 Sub
266 2660 340 2719 love
355 2660 476 2722 duravit
489 2661 590 2722 multis
605 2661 718 2722 inmota
738 2661 846 2725 diebus

222 2744 261 2803 Et
274 2743 363 2804 lunae
378 2745 498 2819 patiens
513 2750 543 2805 et
557 2744 700 2822 pluvialis
716 2761 824 2820 aquae.

184 2826 261 2887 Fors
280 2843 337 2888 sua
352 2829 462 2904 cuique
477 2829 546 2888 loco
563 2835 619 2889 est.
649 2828 714 2903 Quo
730 2844 810 2888 nuuc
826 2827 952 2889 Cerialis
966 2825 1102 2892 Eleusin.

226 2910 341 2971 Dicitur
353 2911 413 2972 hoe
428 2910 509 2972 Celei
524 2928 595 2972 rura
609 2912 706 2973 luisse
722 2911 816 2973 senis.

186 2994 239 3054 Ille
254 2993 377 3055 domurn
391 2995 520 3071 glandes
535 3010 730 3071 excussaque
744 3011 832 3056 mora
848 2991 962 3055 rubetis

120 3086 173 3138 alt
226 3076 341 3149 Portat,
357 3084 387 3139 et
400 3078 516 3138 arsuris
532 3078 618 3138 arida
633 3079 714 3154 ligna
729 3079 816 3138 locis.

184 3159 259 3220 Filia
275 3177 371 3236 parva
386 3161 464 3223 duas
477 3161 637 3236 redigebat
649 3178 727 3237 rupe
742 3160 886 3237 capellas,

225 3244 263 3303 Et
276 3251 361 3304 tener
375 3245 405 3304 in
421 3246 509 3306 cunis
524 3244 605 3306 lilius
620 3261 713 3320 aeger
726 3252 799 3306 erat.

185 3327 328 3387 ‘Matert’
349 3327 391 3388 ait
405 3328 525 3404 virgo...
541 3336 623 3389 mota
636 3337 685 3389 est
699 3329 758 3389 dea
773 3327 895 3389 nomine
910 3325 1047 3388 matris...

224 3408 315 3486 ‘Quid
330 3411 406 3472 iacis
420 3412 451 3471 in
467 3411 543 3472 solis
557 3411 731 3473 incomitata
745 3411 854 3472 locisl’
