2318 3960
429 243 481 319 tv,
501 238 679 309 aot-3³2.

58 403 115 459 29⁶
128 394 303 457 Procedant
318 395 431 470 pariter
446 403 559 456 matres
571 403 726 474 ,nataeque
740 415 898 475 nurusque

168 478 316 554 Quaeque
331 480 435 539 colunt
453 486 578 540 sanctos
593 481 764 556 virginitate
779 482 878 543 iocos,

126 562 242 624 Sedula
256 563 328 622 tunc
341 560 399 622 viri
414 569 556 624 contento
570 564 715 625 bracchia
728 567 855 627 lassant.

166 646 229 707 Vix
243 645 326 707 subit
338 645 490 706 adversas
504 646 629 722 hospita
641 650 730 709 navis
745 666 854 724 aquas.

127 730 218 792 Sicca
233 730 286 790 diu
300 729 398 790 iuerat
412 729 512 789 tellus.
542 731 608 791 sitis
624 739 746 793 usserat
758 733 884 793 herbas:

56 817 113 871 ³00
169 814 257 875 Sedit
270 814 380 875 limoso
397 829 508 889 pressa
523 814 626 874 carina
639 815 733 876 vado.

126 898 272 973 Quisquis
288 899 376 958 adest
392 897 494 974 operi,
510 898 580 973 plus
597 915 688 973 quam
702 914 759 974 pro
777 905 862 975 parte
876 899 1002 976 laborat„

166 981 301 1043 Adiuvat
314 987 344 1041 et
358 982 445 1042 tortis
459 997 538 1042 vooe
552 990 682 1042 sonante
696 999 814 1043 manus.

125 1066 180 1125 Illa
193 1067 278 1127 velut
290 1065 392 1125 medio
407 1065 526 1125 stabilis
541 1065 630 1126 sedet
642 1066 743 1127 insula
757 1073 863 1141 ponto.

164 1150 290 1210 Attoniti
304 1155 440 1209 monstro
456 1156 599 1224 stantque
613 1157 787 1225 paventque
800 1148 868 1210 viri.

54 1233 111 1286 3⁰5
127 1233 255 1294 Claudia
269 1232 379 1307 Quinta
393 1248 491 1307 genus
507 1233 618 1294 Clauso
634 1233 787 1294 referebat
799 1232 838 1293 ab
858 1234 929 1308 aito,

164 1317 229 1377 Neo
242 1316 339 1393 iacies
354 1316 453 1392 impar
466 1315 624 1377 nobilitate
638 1317 708 1378 iuit=

125 1400 215 1460 costa
232 1399 372 1476 quidem,
389 1402 447 1460 sed
466 1416 528 1461 non
547 1409 577 1461 et
591 1401 715 1460 credita.
744 1416 849 1461 rumor
862 1399 984 1474 iniquus

163 1483 322 1560 Laeserat,
338 1490 369 1543 et
383 1485 452 1544 taisi
468 1484 602 1544 oriminis
622 1491 691 1545 octo
703 1500 758 1543 rea
772 1491 828 1544 est.

126 1568 229 1628 cultus
244 1575 275 1628 et
289 1567 403 1629 ornatis
419 1567 504 1627 varie
519 1568 662 1645 prodisse
677 1567 795 1643 capillis

56 1655 112 1709 310
167 1649 283 1725 Obruit,
299 1651 339 1711 ad
354 1651 471 1726 rigidos
488 1659 692 1727 promptaque
707 1652 811 1726 lingua
826 1667 927 1711 senos.

125 1734 256 1797 Conscia
269 1751 358 1794 mens
371 1736 446 1794 recti
462 1737 562 1795 ternae
575 1734 737 1796 mendacia
750 1734 831 1795 risit=

164 1818 228 1879 Sed
241 1835 299 1881 nos
313 1818 344 1878 in
359 1818 464 1877 vitium
479 1819 603 1879 credula
617 1817 706 1879 turba
720 1834 835 1878 sumus.

123 1903 207 1962 Haec
221 1901 274 1964 ubi
289 1907 442 1962 castarum
456 1900 610 1977 processit
624 1900 662 1961 ab
678 1902 799 1976 agmine
813 1907 950 1975 monum,

163 1986 202 2046 Et
216 1984 357 2046 manibus
373 2000 481 2060 puram
496 1984 630 2045 fluminis
644 1984 748 2045 hausit
761 2000 882 2060 aquam,

55 2081 110 2134 315
124 2070 183 2129 Ter
197 2076 291 2145 caput
305 2069 436 2143 inrorat,
451 2076 498 2128 ter
509 2067 587 2130 toiiit
600 2067 631 2127 in
647 2067 771 2128 aethera
785 2068 947 2143 palmas...

162 2152 351 2228 Quicumque
366 2151 531 2229 aspiciunt,
546 2158 647 2212 mente
662 2167 767 2211 carere
780 2157 916 2227 putant..

124 2237 356 2312 Sunrmissoque
371 2252 452 2313 genu
466 2238 568 2298 voltus
583 2235 613 2296 in
628 2235 759 2311 imagine
773 2235 864 2295 divae

162 2320 256 2396 Figit,
274 2328 304 2380 et
321 2320 380 2380 hos
395 2320 459 2381 edit
473 2319 556 2380 crine
571 2321 690 2380 iacente
705 2334 818 2380 sonos=

124 2403 323 2481 “Supplicia
336 2405 429 2477 alma
448 2409 532 2477 tuae,
548 2401 679 2480 genitrix
693 2401 846 2464 ioeounda
860 2403 994 2479 deorum,

55 2492 111 2546 320
165 2488 282 2564 Accipe
297 2487 355 2548 sub
371 2494 454 2547 certa
470 2487 652 2548 condicione
668 2503 787 2563 preces.

124 2573 215 2633 Casta
228 2587 334 2647 negor.
361 2570 396 2631 Si
411 2578 444 2630 tu
459 2571 602 2645 damnas,
618 2571 769 2632 meruisse
784 2569 916 2632 fatebor=

163 2655 262 2715 Morte
275 2656 356 2715 luam
370 2669 489 2730 poenos
503 2654 604 2714 iudice
617 2653 699 2714 victa
713 2656 781 2715 dea.
1008 2655 1010 2658 ’

124 2738 203 2814 Sed,
218 2739 245 2800 si
260 2738 373 2798 crimen
388 2737 491 2811 abest,
507 2744 537 2797 tu
552 2743 677 2797 nostrae
691 2739 821 2813 pignora
833 2736 914 2796 vitae

164 2823 210 2883 Re
225 2821 330 2897 dabis,
346 2827 376 2882 et
391 2827 492 2882 castas
508 2827 594 2881 casta
608 2836 740 2895 sequere
755 2825 901 2893 manus.”

56 2917 110 2972 aaa
125 2905 222 2978 Dixit,
239 2913 270 2966 et
284 2905 395 2980 exiguo
412 2906 515 2965 funem
529 2904 690 2966 conamine
702 2905 804 2966 traxit

162 2989 254 3062 titire,
270 2989 327 3049 sed
342 2994 374 3048 et
386 3005 501 3050 scaena
514 2988 677 3049 testificata
691 2989 814 3061 loquor=

121 3072 206 3134 Mota
217 3073 276 3132 dea
288 3078 344 3148 est,
360 3073 560 3147 sequiturque
572 3073 690 3144 ducem,
705 3071 872 3146 laudatque
883 3070 1052 3146 sequendo.

163 3156 261 3216 index
276 3156 408 3217 laetitiae
425 3157 518 3216 fertur
532 3157 562 3216 in
577 3162 661 3216 astra
674 3169 781 3216 sonus.

121 3238 268 3301 Fluminis
283 3240 323 3301 ad
339 3239 453 3300 flexum
467 3239 627 3314 veniunt‚..
642 3237 784 3299 Tiberina
798 3237 919 3313 priores

55 3329 111 3383 aad
142 3323 144 3326 ’
163 3323 250 3384 Atria
264 3323 437 3386 dixerunt...
452 3324 534 3384 unde
549 3321 673 3384 sinister
686 3322 758 3383 abit.

122 3407 190 3469 Nox
205 3407 321 3468 aderat.
352 3422 468 3484 querno
482 3407 643 3482 religante
658 3405 762 3482 stipite
775 3406 887 3480 sunem,

163 3491 305 3565 Dantque
320 3491 380 3551 tevi
394 3505 503 3551 somno
524 3507 657 3567 corpora
670 3491 774 3552 iuncta
788 3488 868 3549 cibo.
