2318 3960
98 222 140 286 ω
487 217 713 279 TRISTIUM

182 373 283 450 Saepe
295 378 397 435 tamen
411 370 491 430 dixi=
513 370 568 431 cui
583 386 665 430 nune
677 369 756 430 haee
771 383 845 429 eura
858 367 1008 433 labemur

220 461 269 516 An
283 471 352 516 mea
366 453 566 514 Sauromatae
580 453 695 529 scripta
709 453 865 526 Geraeqm
879 453 1009 528 legemr

139 549 174 602 95
185 540 287 615 Saepe
302 539 392 598 etiam
405 537 549 597 lacrimae
562 553 612 597 me
626 543 697 598 sunt
710 536 863 597 scribente
877 539 1038 617 profusae,

219 623 414 696 Humidaque
428 628 476 681 est
492 619 567 680 fietu
581 621 774 681 liberassem
787 634 867 679 mee.

181 707 301 782 Corque
317 710 435 764 vetusta
448 719 557 779 meum,
578 711 731 780 tamquam
747 719 839 777 nova,
863 704 995 768 vumera
1008 706 1089 783 nori,

216 790 312 863 Inque
326 789 426 849 sinum
440 794 576 848 maestae
589 788 699 848 labitur
712 787 810 848 imber
823 803 933 862 aquae.

181 873 259 932 Dum
274 872 341 932 vice
355 877 469 931 mutata
484 872 536 947 qui
549 872 607 931 sim
621 872 801 946 fuerimque,
820 874 980 948 recordor,

121 965 170 1018 100
222 957 259 1016 Et
272 956 372 1016 tulerb
386 971 447 1029 quo
461 970 511 1014 me
526 971 618 1016 casus
633 962 663 1016 et
676 956 769 1030 unde,
790 954 880 1030 subit,

180 1039 281 1114 Saepe
295 1055 404 1099 manus
416 1041 551 1112 demens,
575 1040 685 1099 studiis
699 1039 777 1100 iram
790 1038 921 1114 sibique,

218 1123 301 1183 Misit
315 1123 346 1182 in
360 1138 486 1183 arsuros
501 1124 636 1183 earmina
649 1130 756 1183 nostra
769 1123 868 1185 iocos.

178 1211 280 1280 Atque
294 1206 336 1266 ita
348 1207 388 1266 de
402 1206 504 1267 multis
520 1206 664 1283 queniam
677 1222 740 1267 non
754 1207 848 1268 mrum
861 1214 1043 1281 supereum.

223 1290 296 1352 Cum
310 1290 516 1362 veniamque,
539 1290 679 1365 quisquis
695 1306 740 1364 es,
763 1290 823 1351 ista
836 1292 939 1366 legas!

119 1383 168 1436 105
179 1374 223 1434 Tu
231 1389 357 1450 quoque
368 1373 555 1448 nonmelius,
569 1391 660 1449 quam
668 1380 739 1434 sunt
749 1379 976 1451 meatempora,
986 1388 1089 1437 parma

217 1457 380 1518 interdicta
394 1457 475 1530 mibi,
500 1458 636 1532 consule,
659 1459 767 1533 Reme,
788 1456 874 1519 boui!

118 1591 159 1681 2·
181 1591 247 1683 lam
262 1624 328 1681 iera
343 1622 525 1684 caesaribus
541 1623 711 1698 Germania,
733 1630 816 1685 totus
830 1629 863 1685 ut
876 1622 972 1699 erbis,

217 1706 307 1765 vieta
320 1712 410 1780 potes
425 1705 509 1767 flexo
525 1706 728 1768 succubuisse
742 1723 833 1782 genu

179 1791 312 1865 Altaque
327 1790 464 1850 velentur
478 1790 610 1850 fumasse
623 1790 739 1851 raram
752 1790 853 1863 sertis,

219 1874 361 1948 Turaque
375 1872 406 1932 in
421 1873 492 1947 igne
506 1880 619 1934 sonent
633 1873 830 1950 inficiantque
845 1873 937 1948 diem,

150 1965 166 2016 5
180 1955 378 2031 Candidaque
392 1957 526 2018 auduom
539 1958 651 2018 callum
665 1973 815 2032 pereussa
827 1958 931 2019 seauri

223 2040 355 2100 Victima
368 2056 523 2116 purpureo
539 2041 688 2114 sanguine
701 2041 817 2115 tinguat
829 2040 970 2111 humume

181 2124 330 2198 Donaque
345 2123 513 2183 amicorum
525 2124 647 2198 templis
662 2124 816 2199 promissa
830 2125 960 2187 deorum

222 2206 365 2266 Reddere
381 2205 514 2266 viatores
530 2206 643 2267 Caesar
658 2215 785 2284 uterque
801 2214 917 2284 parem,

180 2289 218 2348 Et
234 2289 286 2365 qui
302 2289 454 2350 Caesareo
469 2289 597 2351 iuvenes
613 2290 671 2351 sub
687 2291 810 2351 nomine
824 2299 976 2367 creseunt,

140 2388 172 2440 le
225 2372 376 2447 Perpetuo
390 2379 488 2433 terras
502 2379 535 2433 ut
549 2374 660 2435 demus
674 2375 726 2436 ilia
739 2382 835 2450 regas

140 2454 145 2458 ’
181 2457 318 2529 Cumque
333 2455 422 2517 bouis
437 2455 563 2519 nuribus
578 2473 635 2532 pre
651 2459 770 2535 sospite
779 2458 867 2519 Livia
879 2463 954 2519 nate

218 2539 347 2599 Munera
360 2541 413 2600 det
426 2542 551 2616 meritis,
573 2557 669 2616 saepe
685 2543 802 2616 datrua,
825 2541 901 2612 deis,

178 2623 217 2682 Et
231 2622 346 2698 pariter
360 2631 472 2686 matres
487 2631 517 2686 et
531 2640 612 2699 quae
626 2625 693 2686 sine
708 2625 833 2686 crimine
847 2630 952 2685 eustos

219 2707 372 2782 Perpetua
387 2714 512 2768 servant
524 2708 694 2784 virginitate
709 2710 812 2771 iocose

141 2801 171 2852 15
182 2789 273 2850 Plebs
287 2792 339 2866 pia
354 2805 486 2867 eumque
501 2791 553 2868 pia
565 2794 692 2854 laetetur
707 2792 798 2869 plebe
811 2797 947 2866 sanabis,

221 2873 382 2948 Parvaque
396 2875 483 2936 euius
499 2891 581 2936 eram
598 2893 671 2951 pars
687 2891 745 2950 ego
761 2891 869 2949 nuper,
892 2890 1001 2951 eques.

180 2957 242 3017 Nes
258 2959 366 3032 procul
381 2961 531 3034 expulsos
546 2960 719 3024 eommunia
732 2959 846 3034 gaudia
858 2959 983 3027 iailuutr.

218 3039 372 3116 Famaque
386 3048 447 3103 iam
462 3045 554 3117 lenge
568 3043 705 3104 nonnisi
719 3059 817 3117 parva
831 3042 921 3103 versib

180 3123 261 3197 Ergo
276 3125 375 3186 omnis
391 3127 526 3201 populus
540 3127 652 3201 poterit
666 3132 807 3202 spectare
821 3124 1004 3202 triumphes,

137 3213 173 3265 ae
227 3205 363 3283 cumque
378 3209 490 3271 dueum
504 3210 597 3270 titulis
612 3210 729 3287 oppida
742 3215 833 3285 sapia
846 3209 937 3286 leget,

179 3289 350 3365 Vinclaque
364 3293 486 3368 captiva
498 3309 588 3368 reges
604 3294 724 3354 cerviae
738 3299 880 3368 gerentes

220 3373 300 3433 Ante
314 3382 478 3436 coronatos
493 3376 537 3437 ire
550 3376 667 3439 videbit
680 3393 790 3453 equos,

179 3455 217 3516 Et
233 3466 335 3517 cernet
349 3460 451 3521 vultus
466 3460 533 3520 aliis
547 3477 604 3541 pro
619 3468 757 3542 tempore
771 3473 891 3534 versos,
