2318 3960
100 191 158 258 188
481 192 545 253 DX
562 191 716 254 Poura

128 356 164 410 20
220 347 392 408 Gauderem
407 345 510 406 lateris
525 359 587 404 non
602 341 748 404 habuisse
762 345 872 404 locum.

178 430 241 492 Nec
256 430 417 506 querulus,
433 429 521 489 turba
538 426 678 501 quamvis
695 427 839 499 eliderer,
856 442 978 490 esem»

220 513 283 575 Sed
298 514 377 573 foret
390 529 409 572 a
423 512 539 588 populo
554 518 627 571 tunc
643 510 715 569 mitri
732 511 821 572 dulce
836 511 945 586 premi.

177 597 390 673 Prospicereut
402 596 556 671 gaudens,
573 599 705 667 quantus
720 595 799 654 toret
813 594 943 669 agminis
959 595 1047 668 ordo,

219 681 385 755 Densaque
400 695 494 753 quam
505 679 630 752 longum
644 677 734 737 turba
746 684 864 739 teneret
877 678 943 738 iter.

128 769 161 822 25
178 764 306 840 Quoque
320 763 418 838 magis
433 762 533 834 noris,
550 776 641 837 quam
655 777 704 820 me
717 761 856 838 vulgaria
870 768 1003 838 tangant,

218 846 411 923 spectarem,
433 844 533 921 quatis
549 860 685 919 purpura
700 852 729 906 te
743 851 869 920 tegeret

177 930 271 1006 Signa
286 944 411 1005 quoque
425 929 458 989 in
471 930 548 988 sella
561 943 688 988 nossem
703 929 832 990 formata
846 928 954 1003 curuli,

214 1015 253 1074 Et
266 1020 361 1075 totum
375 1013 524 1073 Numidae
538 1012 682 1086 sculptile
696 1013 795 1073 dentis
811 1028 902 1088 opus

175 1099 216 1157 At
228 1114 296 1158 cum
311 1097 458 1172 Tarpeias
472 1111 561 1156 esses
576 1096 727 1157 deductus
743 1096 777 1164 in
788 1112 887 1168 arces,
961 1156 966 1164 ,

126 1191 160 1245 30
212 1183 290 1242 Dum
306 1181 429 1240 caderet
442 1180 529 1240 iussu
550 1178 672 1240 victima
686 1195 776 1241 sacra
789 1188 850 1255 tuo,

17 1270 19 1274 ’
174 1266 224 1325 Me
240 1280 365 1339 quoque
379 1270 501 1324 secreto
515 1271 617 1338 grates
633 1262 692 1323 sibi
708 1280 837 1340 magnus
852 1271 993 1340 agentem

215 1348 364 1408 Audisset
382 1347 485 1407 media
498 1346 551 1422 qui
566 1347 655 1407 sedet
668 1349 747 1408 aede
761 1350 848 1409 deus.

174 1433 315 1506 Turaque
329 1437 429 1491 mente
443 1431 542 1505 magis
558 1431 663 1505 plena,
681 1447 773 1507 quam
787 1432 890 1506 lance,
905 1433 1065 1509 dedissem

215 1515 273 1574 Ter
288 1521 410 1590 quater,
426 1514 546 1589 imperii
560 1516 660 1575 taetus
675 1515 793 1576 honore
807 1516 860 1576 tui.

124 1601 159 1657 35
175 1597 226 1658 Sic
242 1613 300 1671 ego
316 1603 496 1673 praesentes
511 1598 589 1657 inter
603 1614 779 1659 numerarer
792 1600 920 1674 amicos,

214 1681 298 1741 Mitia
312 1681 359 1739 ius
373 1679 466 1741 Urbis
480 1681 508 1740 si
522 1681 615 1739 modo
637 1684 699 1742 fata
715 1683 838 1743 durante

174 1765 321 1839 Quaeque
335 1762 408 1822 mihi
424 1765 492 1824 sola
507 1765 625 1840 eapitur
641 1781 720 1825 nune
735 1773 834 1826 mente
850 1767 1005 1843 voluptas,
1067 1825 1071 1831 ὁ

214 1850 298 1908 Tune
313 1847 412 1907 ocutis
426 1848 517 1907 etiam
533 1848 732 1924 percipienda
748 1851 833 1910 foret.

173 1933 241 1993 Non
254 1932 296 1992 ita
311 1930 468 1992 caelitibus
485 1931 585 1992 visum
600 1939 662 2006 est,
677 1940 707 1992 et
722 1934 849 1995 forsitan
863 1935 985 2011 aequis.

123 2026 159 2081 40
213 2015 290 2075 Nam
306 2015 382 2091 quid
395 2030 445 2076 me
459 2029 581 2091 poenae
599 2032 696 2077 causa
708 2024 818 2092 negata
828 2019 933 2080 iuvet?

172 2099 273 2160 Mente
288 2107 402 2171 tamen,
420 2114 499 2173 quae
514 2100 583 2159 sola
597 2100 666 2160 loeo
682 2117 744 2162 non
759 2102 877 2177 exulat,
892 2109 971 2178 utar,

211 2182 401 2243 Praetextam
416 2183 518 2242 fasces
534 2184 745 2258 aspiciamque
760 2192 839 2247 tuos.

172 2267 256 2325 Haec
270 2267 362 2327 modo
378 2271 408 2326 te
424 2267 538 2340 populo
552 2266 731 2328 reddentem
746 2268 812 2330 iura
825 2267 950 2343 videbit,

211 2349 251 2408 Et
264 2363 299 2409 se
314 2349 442 2408 secretis
457 2349 551 2422 finget
566 2350 679 2412 adesse
692 2351 786 2412 tocisz

122 2437 155 2490 45
169 2433 256 2492 Nunc
270 2431 353 2506 tongi
367 2432 484 2492 reditus
499 2432 606 2492 hastae
622 2450 798 2510 supponere
813 2435 901 2496 lustri

211 2515 333 2588 cernet,
350 2523 380 2575 et
394 2521 503 2576 exacta
519 2524 629 2577 cuneta
642 2518 746 2579 locare
760 2519 837 2580 fider

169 2600 257 2660 Nunc
272 2599 374 2660 facere
388 2600 419 2659 in
432 2599 534 2660 medio
550 2601 715 2663 facundum
729 2601 823 2662 verba
837 2610 956 2675 senatu,

207 2683 331 2743 Publica
351 2691 547 2759 quaerentem
563 2684 635 2758 quid
650 2693 734 2761 petat
747 2686 875 2747 utititas:

170 2767 256 2827 Nunc
271 2784 327 2842 pro
344 2767 526 2829 Caesaribus
542 2769 664 2845 superis
680 2770 846 2830 decernere
860 2778 973 2845 grates,

121 2867 155 2918 50
210 2851 330 2911 Albave
345 2850 518 2926 opimorum
532 2851 612 2913 colia
627 2852 717 2913 ferire
731 2852 835 2913 bourn.

169 2935 273 3010 Atque
288 2934 417 3007 utinam,
433 2949 503 2994 cum
516 2935 577 2995 iam
592 2934 685 2996 fueris
702 2935 823 3011 potiora
837 2944 991 3012 precatus,

210 3018 251 3079 Ut
264 3018 336 3078 mihi
353 3019 489 3093 placetur
504 3018 637 3080 numinis
649 3019 709 3092 ira,
724 3028 830 3094 regest

171 3102 283 3177 surgat
298 3102 432 3162 adhunc
448 3117 555 3162 vocem
572 3103 662 3178 piena
676 3103 746 3179 pius
761 3103 841 3178 ignis
857 3104 897 3165 ab
912 3121 975 3180 ara,

212 3185 333 3262 Detque
348 3185 460 3247 bonum
475 3193 548 3247 voto
564 3187 687 3248 lucidus
700 3203 790 3249 omen
805 3203 896 3263 apex.

120 3277 154 3329 55
168 3268 301 3342 Interea,
318 3286 379 3345 qun
392 3277 479 3346 parte
494 3271 577 3346 licet,
594 3285 633 3331 ne
648 3279 758 3332 cuncta
773 3286 947 3346 queramur,

205 3351 262 3410 Hic
278 3369 402 3427 quoque
416 3360 446 3413 te
462 3354 571 3415 testum
588 3355 715 3415 consule
729 3363 850 3430 tempus
865 3371 967 3430 agenn

166 3435 271 3495 Altera
286 3435 430 3507 laetitiae,
451 3453 509 3496 nec
524 3436 638 3497 cedens
654 3453 749 3498 causa
763 3437 866 3514 priori,
