<?xml version="1.0" encoding="UTF-8"?>
<!DOCTYPE html PUBLIC "-//W3C//DTD XHTML 1.0 Transitional//EN"
    "http://www.w3.org/TR/xhtml1/DTD/xhtml1-transitional.dtd">
<html xmlns="http://www.w3.org/1999/xhtml" xml:lang="en" lang="en">
 <head>
  <title>
</title>
<meta http-equiv="Content-Type" content="text/html;charset=utf-8" />
  <meta name='ocr-system' content='tesseract 3.04.00' />
  <meta name='ocr-capabilities' content='ocr_page ocr_carea ocr_par ocr_line ocrx_word'/>
</head>
<body>
  <div class='ocr_page' id='page_1' title='image "./povidiusnasoexr00merkgoog_0155.png"; bbox 0 0 2318 3960; ppageno 0'>
   <div class='ocr_carea' id='block_1_1' title="bbox 98 184 721 256">
    <p class='ocr_par' dir='ltr' id='par_1_1' title="bbox 98 184 721 256">
     <span class='ocr_line' id='line_1_1' title="bbox 98 184 721 256; baseline -0.013 -2"><span class='ocrx_word' id='word_1_1' title='bbox 98 190 158 256; x_wconf 73' lang='lat'><strong>138</strong></span> <span class='ocrx_word' id='word_1_2' title='bbox 489 187 549 248; x_wconf 81' lang='lat' dir='ltr'><strong>EX</strong></span> <span class='ocrx_word' id='word_1_3' title='bbox 573 184 721 248; x_wconf 71' lang='lat' dir='ltr'><strong>Potito</strong></span> 
     </span>
    </p>
   </div>
   <div class='ocr_carea' id='block_1_2' title="bbox 22 339 947 674">
    <p class='ocr_par' dir='ltr' id='par_1_2' title="bbox 22 339 844 416">
     <span class='ocr_line' id='line_1_2' title="bbox 22 339 844 416; baseline -0.009 -11"><span class='ocrx_word' id='word_1_4' title='bbox 22 365 24 369; x_wconf 94' lang='lat'>·</span> <span class='ocrx_word' id='word_1_5' title='bbox 137 349 171 404; x_wconf 81' lang='lat' dir='ltr'><strong>to</strong></span> <span class='ocrx_word' id='word_1_6' title='bbox 222 341 304 416; x_wconf 81' lang='lat' dir='ltr'><strong>Quos</strong></span> <span class='ocrx_word' id='word_1_7' title='bbox 318 340 392 401; x_wconf 83' lang='lat' dir='ltr'><strong>iecit</strong></span> <span class='ocrx_word' id='word_1_8' title='bbox 405 340 495 414; x_wconf 90' lang='lat' dir='ltr'><strong>viros,</strong></span> <span class='ocrx_word' id='word_1_9' title='bbox 518 340 624 414; x_wconf 89' lang='lat' dir='ltr'><strong>Roma,</strong></span> <span class='ocrx_word' id='word_1_10' title='bbox 645 339 750 400; x_wconf 85' lang='lat' dir='ltr'><strong>valere</strong></span> <span class='ocrx_word' id='word_1_11' title='bbox 764 348 844 400; x_wconf 85' lang='lat' dir='ltr'><strong>tuus.</strong></span> 
     </span>
    </p>

    <p class='ocr_par' dir='ltr' id='par_1_3' title="bbox 178 423 939 583">
     <span class='ocr_line' id='line_1_3' title="bbox 178 423 939 498; baseline -0.004 -14"><span class='ocrx_word' id='word_1_12' title='bbox 178 424 343 486; x_wconf 77' lang='lat' dir='ltr'><strong>Incolumis</strong></span> <span class='ocrx_word' id='word_1_13' title='bbox 359 424 493 485; x_wconf 87' lang='lat' dir='ltr'><strong>coniunx</strong></span> <span class='ocrx_word' id='word_1_14' title='bbox 507 439 565 485; x_wconf 88' lang='lat' dir='ltr'><strong>sua</strong></span> <span class='ocrx_word' id='word_1_15' title='bbox 580 423 753 498; x_wconf 81' lang='lat' dir='ltr'><strong>pulvinaria</strong></span> <span class='ocrx_word' id='word_1_16' title='bbox 767 430 879 484; x_wconf 86' lang='lat' dir='ltr'><strong>servet.</strong></span> <span class='ocrx_word' id='word_1_17' title='bbox 936 492 939 497; x_wconf 26' lang='lat'><strong>¹</strong></span> 
     </span>
     <span class='ocr_line' id='line_1_4' title="bbox 218 507 845 583; baseline -0.005 -16"><span class='ocrx_word' id='word_1_18' title='bbox 218 508 381 569; x_wconf 80' lang='lat' dir='ltr'><strong>Promovet</strong></span> <span class='ocrx_word' id='word_1_19' title='bbox 394 507 564 569; x_wconf 84' lang='lat' dir='ltr'><strong>Ausonium</strong></span> <span class='ocrx_word' id='word_1_20' title='bbox 579 507 660 566; x_wconf 85' lang='lat' dir='ltr'><strong>fitius</strong></span> <span class='ocrx_word' id='word_1_21' title='bbox 675 507 845 583; x_wconf 89' lang='lat' dir='ltr'><strong>imperium.</strong></span> 
     </span>
    </p>

    <p class='ocr_par' dir='ltr' id='par_1_4' title="bbox 177 590 947 674">
     <span class='ocr_line' id='line_1_5' title="bbox 177 590 947 674; baseline 0 -24"><span class='ocrx_word' id='word_1_22' title='bbox 177 591 321 652; x_wconf 78' lang='lat' dir='ltr'><strong>Praeterit</strong></span> <span class='ocrx_word' id='word_1_23' title='bbox 335 593 403 668; x_wconf 88' lang='lat' dir='ltr'><strong>ipse</strong></span> <span class='ocrx_word' id='word_1_24' title='bbox 418 606 494 652; x_wconf 88' lang='lat' dir='ltr'><strong>suos</strong></span> <span class='ocrx_word' id='word_1_25' title='bbox 509 591 609 651; x_wconf 87' lang='lat' dir='ltr'><strong>animo</strong></span> <span class='ocrx_word' id='word_1_26' title='bbox 626 590 825 650; x_wconf 85' lang='lat' dir='ltr'><strong>Germanicus</strong></span> <span class='ocrx_word' id='word_1_27' title='bbox 837 605 947 674; x_wconf 82' lang='lat' dir='ltr'><strong>annos,</strong></span> 
     </span>
    </p>
   </div>
   <div class='ocr_carea' id='block_1_3' title="bbox 78 673 1071 3521">
    <p class='ocr_par' dir='ltr' id='par_1_5' title="bbox 78 673 1071 3521">
     <span class='ocr_line' id='line_1_6' title="bbox 217 673 839 750; baseline -0.006 -14"><span class='ocrx_word' id='word_1_28' title='bbox 217 676 279 736; x_wconf 87' lang='lat' dir='ltr'><strong>Nec</strong></span> <span class='ocrx_word' id='word_1_29' title='bbox 293 677 383 750; x_wconf 89' lang='lat' dir='ltr'><strong>vigor</strong></span> <span class='ocrx_word' id='word_1_30' title='bbox 396 682 443 735; x_wconf 90' lang='lat' dir='ltr'><strong>est</strong></span> <span class='ocrx_word' id='word_1_31' title='bbox 456 674 547 734; x_wconf 89' lang='lat' dir='ltr'><strong>Drusi</strong></span> <span class='ocrx_word' id='word_1_32' title='bbox 561 673 717 734; x_wconf 86' lang='lat' dir='ltr'><strong>nobilitate</strong></span> <span class='ocrx_word' id='word_1_33' title='bbox 731 674 839 735; x_wconf 88' lang='lat' dir='ltr'><strong>minor.</strong></span> 
     </span>
     <span class='ocr_line' id='line_1_7' title="bbox 135 757 972 834; baseline -0.002 -12"><span class='ocrx_word' id='word_1_34' title='bbox 135 767 168 822; x_wconf 80' lang='lat'><strong>75</strong></span> <span class='ocrx_word' id='word_1_35' title='bbox 179 760 269 819; x_wconf 92' lang='lat' dir='ltr'><strong>Adde</strong></span> <span class='ocrx_word' id='word_1_36' title='bbox 284 776 378 819; x_wconf 90' lang='lat' dir='ltr'><strong>nums</strong></span> <span class='ocrx_word' id='word_1_37' title='bbox 390 764 560 834; x_wconf 76' lang='lat' dir='ltr'><strong>neptesque</strong></span> <span class='ocrx_word' id='word_1_38' title='bbox 575 757 642 833; x_wconf 90' lang='lat' dir='ltr'><strong>pias</strong></span> <span class='ocrx_word' id='word_1_39' title='bbox 658 765 809 832; x_wconf 85' lang='lat' dir='ltr'><strong>natosque</strong></span> <span class='ocrx_word' id='word_1_40' title='bbox 824 765 972 834; x_wconf 86' lang='lat' dir='ltr'><strong>nepotum</strong></span> 
     </span>
     <span class='ocr_line' id='line_1_8' title="bbox 218 840 961 918; baseline 0.003 -16"><span class='ocrx_word' id='word_1_41' title='bbox 218 844 386 918; x_wconf 89' lang='lat' dir='ltr'><strong>ceteraque</strong></span> <span class='ocrx_word' id='word_1_42' title='bbox 397 844 555 917; x_wconf 78' lang='lat' dir='ltr'><strong>Augustae</strong></span> <span class='ocrx_word' id='word_1_43' title='bbox 569 841 705 901; x_wconf 89' lang='lat' dir='ltr'><strong>membra</strong></span> <span class='ocrx_word' id='word_1_44' title='bbox 719 842 824 903; x_wconf 87' lang='lat' dir='ltr'><strong>valere</strong></span> <span class='ocrx_word' id='word_1_45' title='bbox 838 840 961 904; x_wconf 86' lang='lat' dir='ltr'><strong>domus.</strong></span> 
     </span>
     <span class='ocr_line' id='line_1_9' title="bbox 176 924 1028 1002; baseline 0.001 -17"><span class='ocrx_word' id='word_1_46' title='bbox 176 927 266 986; x_wconf 84' lang='lat' dir='ltr'><strong>Adde</strong></span> <span class='ocrx_word' id='word_1_47' title='bbox 281 925 482 1001; x_wconf 85' lang='lat' dir='ltr'><strong>triumphatos</strong></span> <span class='ocrx_word' id='word_1_48' title='bbox 497 926 590 985; x_wconf 90' lang='lat' dir='ltr'><strong>modo</strong></span> <span class='ocrx_word' id='word_1_49' title='bbox 604 924 753 1000; x_wconf 86' lang='lat' dir='ltr'><strong>Paeonas,</strong></span> <span class='ocrx_word' id='word_1_50' title='bbox 776 924 857 985; x_wconf 88' lang='lat' dir='ltr'><strong>adde</strong></span> <span class='ocrx_word' id='word_1_51' title='bbox 872 924 967 1002; x_wconf 79' lang='lat' dir='ltr'><strong>quieti</strong></span> <span class='ocrx_word' id='word_1_52' title='bbox 1024 936 1028 943; x_wconf 85' lang='lat'>&#39;</span> 
     </span>
     <span class='ocr_line' id='line_1_10' title="bbox 217 1007 851 1071; baseline -0.005 -1"><span class='ocrx_word' id='word_1_53' title='bbox 217 1009 345 1071; x_wconf 85' lang='lat' dir='ltr'><strong>Subdita</strong></span> <span class='ocrx_word' id='word_1_54' title='bbox 358 1016 520 1070; x_wconf 86' lang='lat' dir='ltr'><strong>montanae</strong></span> <span class='ocrx_word' id='word_1_55' title='bbox 534 1007 659 1068; x_wconf 83' lang='lat' dir='ltr'><strong>brechia</strong></span> <span class='ocrx_word' id='word_1_56' title='bbox 674 1008 851 1069; x_wconf 82' lang='lat' dir='ltr'><strong>Dalmatiae.</strong></span> 
     </span>
     <span class='ocr_line' id='line_1_11' title="bbox 175 1092 840 1170; baseline 0 -17"><span class='ocrx_word' id='word_1_57' title='bbox 175 1094 238 1154; x_wconf 89' lang='lat' dir='ltr'><strong>Nec</strong></span> <span class='ocrx_word' id='word_1_58' title='bbox 252 1094 416 1169; x_wconf 81' lang='lat' dir='ltr'><strong>dedignata</strong></span> <span class='ocrx_word' id='word_1_59' title='bbox 430 1101 478 1154; x_wconf 87' lang='lat' dir='ltr'><strong>ost</strong></span> <span class='ocrx_word' id='word_1_60' title='bbox 491 1092 617 1153; x_wconf 83' lang='lat' dir='ltr'><strong>abiectis</strong></span> <span class='ocrx_word' id='word_1_61' title='bbox 632 1092 733 1170; x_wconf 83' lang='lat' dir='ltr'><strong>illyris</strong></span> <span class='ocrx_word' id='word_1_62' title='bbox 748 1092 840 1153; x_wconf 87' lang='lat' dir='ltr'><strong>ermis</strong></span> 
     </span>
     <span class='ocr_line' id='line_1_12' title="bbox 133 1176 910 1251; baseline -0.012 -9"><span class='ocrx_word' id='word_1_63' title='bbox 133 1187 169 1242; x_wconf 79' lang='lat'><strong>80</strong></span> <span class='ocrx_word' id='word_1_64' title='bbox 222 1177 404 1238; x_wconf 86' lang='lat' dir='ltr'><strong>Caesareum</strong></span> <span class='ocrx_word' id='word_1_65' title='bbox 419 1177 532 1237; x_wconf 82' lang='lat' dir='ltr'><strong>famulo</strong></span> <span class='ocrx_word' id='word_1_66' title='bbox 548 1176 661 1235; x_wconf 87' lang='lat' dir='ltr'><strong>vertice</strong></span> <span class='ocrx_word' id='word_1_67' title='bbox 676 1177 755 1236; x_wconf 88' lang='lat' dir='ltr'><strong>ierrc</strong></span> <span class='ocrx_word' id='word_1_68' title='bbox 768 1176 910 1251; x_wconf 90' lang='lat' dir='ltr'><strong>pedem..</strong></span> 
     </span>
     <span class='ocr_line' id='line_1_13' title="bbox 176 1260 1018 1338; baseline -0.004 -18"><span class='ocrx_word' id='word_1_69' title='bbox 176 1263 247 1336; x_wconf 89' lang='lat' dir='ltr'><strong>ipse</strong></span> <span class='ocrx_word' id='word_1_70' title='bbox 260 1277 356 1338; x_wconf 91' lang='lat' dir='ltr'><strong>super</strong></span> <span class='ocrx_word' id='word_1_71' title='bbox 369 1276 490 1322; x_wconf 91' lang='lat' dir='ltr'><strong>currum</strong></span> <span class='ocrx_word' id='word_1_72' title='bbox 505 1260 628 1336; x_wconf 87' lang='lat' dir='ltr'><strong>placido</strong></span> <span class='ocrx_word' id='word_1_73' title='bbox 644 1260 823 1335; x_wconf 86' lang='lat' dir='ltr'><strong>spectabitis</strong></span> <span class='ocrx_word' id='word_1_74' title='bbox 838 1276 893 1321; x_wconf 89' lang='lat' dir='ltr'><strong>ore</strong></span> <span class='ocrx_word' id='word_1_75' title='bbox 1015 1312 1018 1317; x_wconf 80' lang='grc'>,</span> 
     </span>
     <span class='ocr_line' id='line_1_14' title="bbox 216 1344 839 1421; baseline 0 -16"><span class='ocrx_word' id='word_1_76' title='bbox 216 1346 367 1421; x_wconf 86' lang='lat' dir='ltr'><strong>Tempore</strong></span> <span class='ocrx_word' id='word_1_77' title='bbox 378 1344 522 1406; x_wconf 89' lang='lat' dir='ltr'><strong>Phoebea</strong></span> <span class='ocrx_word' id='word_1_78' title='bbox 538 1344 655 1418; x_wconf 88' lang='lat' dir='ltr'><strong>virgine</strong></span> <span class='ocrx_word' id='word_1_79' title='bbox 669 1359 751 1403; x_wconf 87' lang='lat' dir='ltr'><strong>nexu</strong></span> <span class='ocrx_word' id='word_1_80' title='bbox 764 1344 839 1406; x_wconf 86' lang='lat' dir='ltr'><strong>tulit</strong></span> 
     </span>
     <span class='ocr_line' id='line_1_15' title="bbox 176 1427 944 1505; baseline 0 -17"><span class='ocrx_word' id='word_1_81' title='bbox 176 1429 271 1503; x_wconf 81' lang='lat' dir='ltr'><strong>Quem</strong></span> <span class='ocrx_word' id='word_1_82' title='bbox 284 1429 337 1505; x_wconf 88' lang='lat' dir='ltr'><strong>pia</strong></span> <span class='ocrx_word' id='word_1_83' title='bbox 350 1429 510 1489; x_wconf 89' lang='lat' dir='ltr'><strong>vobiscum</strong></span> <span class='ocrx_word' id='word_1_84' title='bbox 524 1429 629 1505; x_wconf 90' lang='lat' dir='ltr'><strong>proles</strong></span> <span class='ocrx_word' id='word_1_85' title='bbox 644 1427 800 1489; x_wconf 83' lang='lat' dir='ltr'><strong>comitavit</strong></span> <span class='ocrx_word' id='word_1_86' title='bbox 813 1435 944 1502; x_wconf 89' lang='lat' dir='ltr'><strong>euntem,</strong></span> 
     </span>
     <span class='ocr_line' id='line_1_16' title="bbox 216 1512 884 1588; baseline -0.003 -15"><span class='ocrx_word' id='word_1_87' title='bbox 216 1513 315 1587; x_wconf 80' lang='lat' dir='ltr'><strong>Digna</strong></span> <span class='ocrx_word' id='word_1_88' title='bbox 329 1519 456 1588; x_wconf 88' lang='lat' dir='ltr'><strong>parente</strong></span> <span class='ocrx_word' id='word_1_89' title='bbox 470 1528 527 1572; x_wconf 92' lang='lat' dir='ltr'><strong>suo</strong></span> <span class='ocrx_word' id='word_1_90' title='bbox 542 1512 779 1587; x_wconf 86' lang='lat' dir='ltr'><strong>nominibusque</strong></span> <span class='ocrx_word' id='word_1_91' title='bbox 794 1512 884 1572; x_wconf 88' lang='lat' dir='ltr'><strong>datis.</strong></span> 
     </span>
     <span class='ocr_line' id='line_1_17' title="bbox 132 1595 1039 1672; baseline 0 -14"><span class='ocrx_word' id='word_1_92' title='bbox 132 1604 166 1658; x_wconf 74' lang='lat'><strong>86</strong></span> <span class='ocrx_word' id='word_1_93' title='bbox 177 1595 332 1657; x_wconf 86' lang='lat' dir='ltr'><strong>Fratribus</strong></span> <span class='ocrx_word' id='word_1_94' title='bbox 347 1595 505 1670; x_wconf 87' lang='lat' dir='ltr'><strong>adsimilis,</strong></span> <span class='ocrx_word' id='word_1_95' title='bbox 530 1612 609 1670; x_wconf 92' lang='lat' dir='ltr'><strong>quos</strong></span> <span class='ocrx_word' id='word_1_96' title='bbox 625 1596 767 1672; x_wconf 86' lang='lat' dir='ltr'><strong>proxima</strong></span> <span class='ocrx_word' id='word_1_97' title='bbox 779 1595 894 1672; x_wconf 83' lang='lat' dir='ltr'><strong>tempta</strong></span> <span class='ocrx_word' id='word_1_98' title='bbox 907 1595 1039 1658; x_wconf 81' lang='lat' dir='ltr'><strong>tenentis</strong></span> 
     </span>
     <span class='ocr_line' id='line_1_18' title="bbox 216 1678 815 1741; baseline 0 -1"><span class='ocrx_word' id='word_1_99' title='bbox 216 1681 312 1740; x_wconf 86' lang='lat' dir='ltr'><strong>Divus</strong></span> <span class='ocrx_word' id='word_1_100' title='bbox 327 1678 366 1739; x_wconf 90' lang='lat' dir='ltr'><strong>ab</strong></span> <span class='ocrx_word' id='word_1_101' title='bbox 381 1681 506 1741; x_wconf 88' lang='lat' dir='ltr'><strong>excelsa</strong></span> <span class='ocrx_word' id='word_1_102' title='bbox 520 1680 614 1741; x_wconf 83' lang='lat' dir='ltr'><strong>lulius</strong></span> <span class='ocrx_word' id='word_1_103' title='bbox 630 1680 707 1740; x_wconf 83' lang='lat' dir='ltr'><strong>aede</strong></span> <span class='ocrx_word' id='word_1_104' title='bbox 722 1680 815 1740; x_wconf 86' lang='lat' dir='ltr'><strong>videt</strong></span> 
     </span>
     <span class='ocr_line' id='line_1_19' title="bbox 174 1762 959 1840; baseline 0.001 -17"><span class='ocrx_word' id='word_1_105' title='bbox 174 1764 229 1823; x_wconf 87' lang='lat' dir='ltr'><strong>His</strong></span> <span class='ocrx_word' id='word_1_106' title='bbox 242 1763 448 1838; x_wconf 88' lang='lat' dir='ltr'><strong>Messaiiinus,</strong></span> <span class='ocrx_word' id='word_1_107' title='bbox 468 1764 579 1837; x_wconf 91' lang='lat' dir='ltr'><strong>quibus</strong></span> <span class='ocrx_word' id='word_1_108' title='bbox 595 1763 697 1824; x_wconf 86' lang='lat' dir='ltr'><strong>omnia</strong></span> <span class='ocrx_word' id='word_1_109' title='bbox 711 1763 822 1824; x_wconf 84' lang='lat' dir='ltr'><strong>cedere</strong></span> <span class='ocrx_word' id='word_1_110' title='bbox 837 1762 959 1840; x_wconf 82' lang='lat' dir='ltr'><strong>debent,</strong></span> 
     </span>
     <span class='ocr_line' id='line_1_20' title="bbox 213 1847 884 1923; baseline 0.001 -17"><span class='ocrx_word' id='word_1_111' title='bbox 213 1847 344 1908; x_wconf 91' lang='lat' dir='ltr'><strong>Primum</strong></span> <span class='ocrx_word' id='word_1_112' title='bbox 359 1848 490 1908; x_wconf 88' lang='lat' dir='ltr'><strong>laetitiae</strong></span> <span class='ocrx_word' id='word_1_113' title='bbox 505 1862 566 1907; x_wconf 91' lang='lat' dir='ltr'><strong>non</strong></span> <span class='ocrx_word' id='word_1_114' title='bbox 581 1856 673 1923; x_wconf 89' lang='lat' dir='ltr'><strong>negat</strong></span> <span class='ocrx_word' id='word_1_115' title='bbox 687 1863 759 1909; x_wconf 88' lang='lat' dir='ltr'><strong>esse</strong></span> <span class='ocrx_word' id='word_1_116' title='bbox 773 1847 884 1915; x_wconf 76' lang='lat' dir='ltr'><strong>iocum,</strong></span> 
     </span>
     <span class='ocr_line' id='line_1_21' title="bbox 175 1931 1071 2008; baseline -0.004 -17"><span class='ocrx_word' id='word_1_117' title='bbox 175 1931 324 2008; x_wconf 82' lang='lat' dir='ltr'><strong>Quicquid</strong></span> <span class='ocrx_word' id='word_1_118' title='bbox 339 1931 377 1993; x_wconf 88' lang='lat' dir='ltr'><strong>ab</strong></span> <span class='ocrx_word' id='word_1_119' title='bbox 392 1932 440 1992; x_wconf 89' lang='lat' dir='ltr'><strong>bis</strong></span> <span class='ocrx_word' id='word_1_120' title='bbox 455 1939 606 2007; x_wconf 87' lang='lat' dir='ltr'><strong>superest,</strong></span> <span class='ocrx_word' id='word_1_121' title='bbox 628 1932 756 1991; x_wconf 90' lang='lat' dir='ltr'><strong>venitin</strong></span> <span class='ocrx_word' id='word_1_122' title='bbox 771 1937 925 1992; x_wconf 82' lang='lat' dir='ltr'><strong>certamen</strong></span> <span class='ocrx_word' id='word_1_123' title='bbox 940 1933 1071 1993; x_wconf 71' lang='lat' dir='ltr'><strong>amous·</strong></span> 
     </span>
     <span class='ocr_line' id='line_1_22' title="bbox 132 2015 921 2091; baseline -0.004 -13"><span class='ocrx_word' id='word_1_124' title='bbox 132 2023 167 2078; x_wconf 86' lang='lat'><strong>90</strong></span> <span class='ocrx_word' id='word_1_125' title='bbox 219 2016 282 2075; x_wconf 89' lang='lat' dir='ltr'><strong>Hac</strong></span> <span class='ocrx_word' id='word_1_126' title='bbox 296 2015 453 2077; x_wconf 90' lang='lat' dir='ltr'><strong>bominum</strong></span> <span class='ocrx_word' id='word_1_127' title='bbox 467 2016 542 2076; x_wconf 87' lang='lat' dir='ltr'><strong>nutti</strong></span> <span class='ocrx_word' id='word_1_128' title='bbox 557 2023 643 2091; x_wconf 86' lang='lat' dir='ltr'><strong>parte</strong></span> <span class='ocrx_word' id='word_1_129' title='bbox 658 2015 813 2076; x_wconf 89' lang='lat' dir='ltr'><strong>secundus</strong></span> <span class='ocrx_word' id='word_1_130' title='bbox 829 2016 896 2087; x_wconf 76' lang='lat' dir='ltr'><strong>erit</strong></span> <span class='ocrx_word' id='word_1_131' title='bbox 919 2061 921 2065; x_wconf 83' lang='lat'>.</span> 
     </span>
     <span class='ocr_line' id='line_1_23' title="bbox 173 2098 1010 2176; baseline 0.001 -17"><span class='ocrx_word' id='word_1_132' title='bbox 173 2099 259 2159; x_wconf 87' lang='lat' dir='ltr'><strong>Hanc</strong></span> <span class='ocrx_word' id='word_1_133' title='bbox 275 2101 354 2160; x_wconf 85' lang='lat' dir='ltr'><strong>colet</strong></span> <span class='ocrx_word' id='word_1_134' title='bbox 369 2107 438 2160; x_wconf 84' lang='lat' dir='ltr'><strong>ante</strong></span> <span class='ocrx_word' id='word_1_135' title='bbox 453 2100 543 2174; x_wconf 90' lang='lat' dir='ltr'><strong>diem,</strong></span> <span class='ocrx_word' id='word_1_136' title='bbox 564 2116 626 2176; x_wconf 89' lang='lat' dir='ltr'><strong>qua</strong></span> <span class='ocrx_word' id='word_1_137' title='bbox 641 2099 797 2176; x_wconf 91' lang='lat' dir='ltr'><strong>quondam</strong></span> <span class='ocrx_word' id='word_1_138' title='bbox 811 2098 867 2161; x_wconf 89' lang='lat' dir='ltr'><strong>rite</strong></span> <span class='ocrx_word' id='word_1_139' title='bbox 880 2099 1010 2160; x_wconf 85' lang='lat' dir='ltr'><strong>merenti</strong></span> 
     </span>
     <span class='ocr_line' id='line_1_24' title="bbox 213 2183 929 2259; baseline -0.007 -17"><span class='ocrx_word' id='word_1_140' title='bbox 213 2183 305 2244; x_wconf 91' lang='lat' dir='ltr'><strong>Venit</strong></span> <span class='ocrx_word' id='word_1_141' title='bbox 319 2183 476 2244; x_wconf 89' lang='lat' dir='ltr'><strong>honoratis</strong></span> <span class='ocrx_word' id='word_1_142' title='bbox 491 2185 595 2244; x_wconf 88' lang='lat' dir='ltr'><strong>taurea</strong></span> <span class='ocrx_word' id='word_1_143' title='bbox 610 2184 703 2259; x_wconf 88' lang='lat' dir='ltr'><strong>digna</strong></span> <span class='ocrx_word' id='word_1_144' title='bbox 718 2183 825 2244; x_wconf 86' lang='lat' dir='ltr'><strong>comis.</strong></span> <span class='ocrx_word' id='word_1_145' title='bbox 926 2232 929 2237; x_wconf 91' lang='lat'><em>.</em></span> 
     </span>
     <span class='ocr_line' id='line_1_25' title="bbox 173 2266 932 2344; baseline 0.005 -19"><span class='ocrx_word' id='word_1_146' title='bbox 173 2266 299 2341; x_wconf 85' lang='lat' dir='ltr'><strong>Felices,</strong></span> <span class='ocrx_word' id='word_1_147' title='bbox 324 2266 435 2343; x_wconf 87' lang='lat' dir='ltr'><strong>quibus</strong></span> <span class='ocrx_word' id='word_1_148' title='bbox 451 2273 485 2325; x_wconf 89' lang='lat' dir='ltr'><strong>ot</strong></span> <span class='ocrx_word' id='word_1_149' title='bbox 505 2267 589 2327; x_wconf 89' lang='lat' dir='ltr'><strong>licuit</strong></span> <span class='ocrx_word' id='word_1_150' title='bbox 603 2274 744 2343; x_wconf 89' lang='lat' dir='ltr'><strong>spectare</strong></span> <span class='ocrx_word' id='word_1_151' title='bbox 758 2267 932 2344; x_wconf 88' lang='lat' dir='ltr'><strong>triumphos</strong></span> 
     </span>
     <span class='ocr_line' id='line_1_26' title="bbox 213 2350 941 2428; baseline 0 -18"><span class='ocrx_word' id='word_1_152' title='bbox 213 2351 251 2410; x_wconf 82' lang='lat' dir='ltr'><strong>Et</strong></span> <span class='ocrx_word' id='word_1_153' title='bbox 265 2350 353 2411; x_wconf 89' lang='lat' dir='ltr'><strong>ducis</strong></span> <span class='ocrx_word' id='word_1_154' title='bbox 369 2365 423 2411; x_wconf 88' lang='lat' dir='ltr'><strong>oro</strong></span> <span class='ocrx_word' id='word_1_155' title='bbox 437 2350 514 2411; x_wconf 89' lang='lat' dir='ltr'><strong>deos</strong></span> <span class='ocrx_word' id='word_1_156' title='bbox 530 2351 750 2428; x_wconf 86' lang='lat' dir='ltr'><strong>aequiperante</strong></span> <span class='ocrx_word' id='word_1_157' title='bbox 765 2351 833 2410; x_wconf 87' lang='lat' dir='ltr'><strong>irui.</strong></span> <span class='ocrx_word' id='word_1_158' title='bbox 938 2386 941 2391; x_wconf 93' lang='lat'><em>-</em></span> 
     </span>
     <span class='ocr_line' id='line_1_27' title="bbox 132 2433 959 2511; baseline 0.004 -18"><span class='ocrx_word' id='word_1_159' title='bbox 132 2441 165 2494; x_wconf 80' lang='lat'><strong>95</strong></span> <span class='ocrx_word' id='word_1_160' title='bbox 177 2436 217 2493; x_wconf 82' lang='lat' dir='ltr'><strong>At</strong></span> <span class='ocrx_word' id='word_1_161' title='bbox 231 2433 303 2493; x_wconf 91' lang='lat' dir='ltr'><strong>mibi</strong></span> <span class='ocrx_word' id='word_1_162' title='bbox 318 2433 516 2496; x_wconf 85' lang='lat' dir='ltr'><strong>Sauromatae</strong></span> <span class='ocrx_word' id='word_1_163' title='bbox 532 2451 588 2511; x_wconf 89' lang='lat' dir='ltr'><strong>pro</strong></span> <span class='ocrx_word' id='word_1_164' title='bbox 605 2435 746 2496; x_wconf 83' lang='lat' dir='ltr'><strong>Caesaris</strong></span> <span class='ocrx_word' id='word_1_165' title='bbox 764 2450 818 2495; x_wconf 90' lang='lat' dir='ltr'><strong>ore</strong></span> <span class='ocrx_word' id='word_1_166' title='bbox 830 2434 959 2496; x_wconf 87' lang='lat' dir='ltr'><strong>videndi</strong></span> 
     </span>
     <span class='ocr_line' id='line_1_28' title="bbox 213 2518 945 2596; baseline 0.001 -18"><span class='ocrx_word' id='word_1_167' title='bbox 213 2520 368 2594; x_wconf 86' lang='lat' dir='ltr'><strong>Terraque</strong></span> <span class='ocrx_word' id='word_1_168' title='bbox 382 2520 469 2594; x_wconf 91' lang='lat' dir='ltr'><strong>pacis</strong></span> <span class='ocrx_word' id='word_1_169' title='bbox 483 2520 576 2595; x_wconf 91' lang='lat' dir='ltr'><strong>inops</strong></span> <span class='ocrx_word' id='word_1_170' title='bbox 590 2520 734 2594; x_wconf 89' lang='lat' dir='ltr'><strong>undaque</strong></span> <span class='ocrx_word' id='word_1_171' title='bbox 748 2518 849 2580; x_wconf 86' lang='lat' dir='ltr'><strong>iuncta</strong></span> <span class='ocrx_word' id='word_1_172' title='bbox 863 2521 945 2596; x_wconf 89' lang='lat' dir='ltr'><strong>getu.</strong></span> 
     </span>
     <span class='ocr_line' id='line_1_29' title="bbox 78 2601 978 2681; baseline -0.002 -14"><span class='ocrx_word' id='word_1_173' title='bbox 78 2663 80 2667; x_wconf 81' lang='grc'>,</span> <span class='ocrx_word' id='word_1_174' title='bbox 173 2601 206 2662; x_wconf 89' lang='lat' dir='ltr'><strong>Si</strong></span> <span class='ocrx_word' id='word_1_175' title='bbox 220 2609 322 2663; x_wconf 86' lang='lat' dir='ltr'><strong>temen</strong></span> <span class='ocrx_word' id='word_1_176' title='bbox 337 2602 414 2663; x_wconf 89' lang='lat' dir='ltr'><strong>haec</strong></span> <span class='ocrx_word' id='word_1_177' title='bbox 428 2602 517 2664; x_wconf 92' lang='lat' dir='ltr'><strong>audis</strong></span> <span class='ocrx_word' id='word_1_178' title='bbox 533 2610 562 2663; x_wconf 89' lang='lat' dir='ltr'><strong>et</strong></span> <span class='ocrx_word' id='word_1_179' title='bbox 576 2618 639 2663; x_wconf 88' lang='lat' dir='ltr'><strong>vox</strong></span> <span class='ocrx_word' id='word_1_180' title='bbox 653 2619 723 2663; x_wconf 89' lang='lat' dir='ltr'><strong>mea</strong></span> <span class='ocrx_word' id='word_1_181' title='bbox 735 2603 875 2679; x_wconf 85' lang='lat' dir='ltr'><strong>pervenit</strong></span> <span class='ocrx_word' id='word_1_182' title='bbox 889 2604 978 2681; x_wconf 86' lang='lat' dir='ltr'><strong>istnc,</strong></span> 
     </span>
     <span class='ocr_line' id='line_1_30' title="bbox 214 2685 816 2762; baseline -0.002 -15"><span class='ocrx_word' id='word_1_183' title='bbox 214 2685 259 2747; x_wconf 87' lang='lat' dir='ltr'><strong>Sit</strong></span> <span class='ocrx_word' id='word_1_184' title='bbox 273 2694 325 2747; x_wconf 93' lang='lat' dir='ltr'><strong>tua</strong></span> <span class='ocrx_word' id='word_1_185' title='bbox 338 2688 484 2748; x_wconf 89' lang='lat' dir='ltr'><strong>mutando</strong></span> <span class='ocrx_word' id='word_1_186' title='bbox 499 2687 596 2762; x_wconf 80' lang='lat' dir='ltr'><strong>gratia</strong></span> <span class='ocrx_word' id='word_1_187' title='bbox 610 2687 723 2748; x_wconf 90' lang='lat' dir='ltr'><strong>blanda</strong></span> <span class='ocrx_word' id='word_1_188' title='bbox 736 2688 816 2748; x_wconf 88' lang='lat' dir='ltr'><strong>ioco.</strong></span> 
     </span>
     <span class='ocr_line' id='line_1_31' title="bbox 173 2771 959 2848; baseline 0.004 -17"><span class='ocrx_word' id='word_1_189' title='bbox 173 2772 239 2832; x_wconf 88' lang='lat' dir='ltr'><strong>Hoc</strong></span> <span class='ocrx_word' id='word_1_190' title='bbox 251 2778 339 2846; x_wconf 89' lang='lat' dir='ltr'><strong>pater</strong></span> <span class='ocrx_word' id='word_1_191' title='bbox 352 2772 402 2832; x_wconf 90' lang='lat' dir='ltr'><strong>itte</strong></span> <span class='ocrx_word' id='word_1_192' title='bbox 416 2778 485 2836; x_wconf 87' lang='lat' dir='ltr'><strong>tuus</strong></span> <span class='ocrx_word' id='word_1_193' title='bbox 502 2771 599 2846; x_wconf 91' lang='lat' dir='ltr'><strong>primo</strong></span> <span class='ocrx_word' id='word_1_194' title='bbox 613 2771 686 2831; x_wconf 90' lang='lat' dir='ltr'><strong>mibi</strong></span> <span class='ocrx_word' id='word_1_195' title='bbox 701 2773 800 2832; x_wconf 89' lang='lat' dir='ltr'><strong>cultus</strong></span> <span class='ocrx_word' id='word_1_196' title='bbox 814 2772 853 2832; x_wconf 89' lang='lat' dir='ltr'><strong>ab</strong></span> <span class='ocrx_word' id='word_1_197' title='bbox 868 2788 959 2848; x_wconf 86' lang='lat' dir='ltr'><strong>aeuo,</strong></span> 
     </span>
     <span class='ocr_line' id='line_1_32' title="bbox 111 2853 938 2933; baseline 0 -17"><span class='ocrx_word' id='word_1_198' title='bbox 111 2864 161 2917; x_wconf 80' lang='lat' dir='ltr'><strong>tuo</strong></span> <span class='ocrx_word' id='word_1_199' title='bbox 210 2853 243 2916; x_wconf 91' lang='lat' dir='ltr'><strong>Si</strong></span> <span class='ocrx_word' id='word_1_200' title='bbox 264 2856 339 2932; x_wconf 90' lang='lat' dir='ltr'><strong>quid</strong></span> <span class='ocrx_word' id='word_1_201' title='bbox 353 2855 444 2915; x_wconf 87' lang='lat' dir='ltr'><strong>babet</strong></span> <span class='ocrx_word' id='word_1_202' title='bbox 459 2871 570 2917; x_wconf 86' lang='lat' dir='ltr'><strong>sensus</strong></span> <span class='ocrx_word' id='word_1_203' title='bbox 584 2855 693 2916; x_wconf 87' lang='lat' dir='ltr'><strong>umbra</strong></span> <span class='ocrx_word' id='word_1_204' title='bbox 708 2855 830 2931; x_wconf 84' lang='lat' dir='ltr'><strong>diserta,</strong></span> <span class='ocrx_word' id='word_1_205' title='bbox 853 2857 938 2933; x_wconf 89' lang='lat' dir='ltr'><strong>petit.</strong></span> 
     </span>
     <span class='ocr_line' id='line_1_33' title="bbox 171 2940 950 3016; baseline 0.003 -16"><span class='ocrx_word' id='word_1_206' title='bbox 171 2941 238 3000; x_wconf 89' lang='lat' dir='ltr'><strong>Hoc</strong></span> <span class='ocrx_word' id='word_1_207' title='bbox 252 2941 328 3016; x_wconf 91' lang='lat' dir='ltr'><strong>petit</strong></span> <span class='ocrx_word' id='word_1_208' title='bbox 341 2947 372 2999; x_wconf 93' lang='lat' dir='ltr'><strong>et</strong></span> <span class='ocrx_word' id='word_1_209' title='bbox 386 2940 487 3000; x_wconf 87' lang='lat' dir='ltr'><strong>irater.</strong></span> <span class='ocrx_word' id='word_1_210' title='bbox 517 2940 656 3016; x_wconf 86' lang='lat' dir='ltr'><strong>quamvis</strong></span> <span class='ocrx_word' id='word_1_211' title='bbox 672 2941 803 3000; x_wconf 84' lang='lat' dir='ltr'><strong>tortasse</strong></span> <span class='ocrx_word' id='word_1_212' title='bbox 818 2947 950 3014; x_wconf 78' lang='lat' dir='ltr'><strong>veroum,</strong></span> 
     </span>
     <span class='ocr_line' id='line_1_34' title="bbox 214 3022 780 3085; baseline -0.002 -1"><span class='ocrx_word' id='word_1_213' title='bbox 214 3022 363 3084; x_wconf 78' lang='lat' dir='ltr'><strong>servandi</strong></span> <span class='ocrx_word' id='word_1_214' title='bbox 378 3031 488 3084; x_wconf 88' lang='lat' dir='ltr'><strong>noceat</strong></span> <span class='ocrx_word' id='word_1_215' title='bbox 502 3041 540 3084; x_wconf 89' lang='lat' dir='ltr'><strong>ne</strong></span> <span class='ocrx_word' id='word_1_216' title='bbox 555 3025 609 3085; x_wconf 91' lang='lat' dir='ltr'><strong>tibi</strong></span> <span class='ocrx_word' id='word_1_217' title='bbox 624 3041 697 3085; x_wconf 89' lang='lat' dir='ltr'><strong>cura</strong></span> <span class='ocrx_word' id='word_1_218' title='bbox 711 3024 780 3084; x_wconf 89' lang='lat' dir='ltr'><strong>mei.</strong></span> 
     </span>
     <span class='ocr_line' id='line_1_35' title="bbox 171 3107 1008 3184; baseline 0.001 -17"><span class='ocrx_word' id='word_1_219' title='bbox 171 3108 246 3168; x_wconf 87' lang='lat' dir='ltr'><strong>Tota</strong></span> <span class='ocrx_word' id='word_1_220' title='bbox 260 3107 370 3169; x_wconf 91' lang='lat' dir='ltr'><strong>domus</strong></span> <span class='ocrx_word' id='word_1_221' title='bbox 384 3115 472 3183; x_wconf 88' lang='lat' dir='ltr'><strong>rogat</strong></span> <span class='ocrx_word' id='word_1_222' title='bbox 485 3109 555 3169; x_wconf 88' lang='lat' dir='ltr'><strong>boc.</strong></span> <span class='ocrx_word' id='word_1_223' title='bbox 588 3122 646 3170; x_wconf 89' lang='lat' dir='ltr'><strong>nec</strong></span> <span class='ocrx_word' id='word_1_224' title='bbox 659 3117 691 3168; x_wconf 93' lang='lat' dir='ltr'><strong>tu</strong></span> <span class='ocrx_word' id='word_1_225' title='bbox 704 3114 795 3184; x_wconf 89' lang='lat' dir='ltr'><strong>potes</strong></span> <span class='ocrx_word' id='word_1_226' title='bbox 811 3107 879 3183; x_wconf 88' lang='lat' dir='ltr'><strong>ipse</strong></span> <span class='ocrx_word' id='word_1_227' title='bbox 893 3120 1008 3184; x_wconf 75' lang='lat' dir='ltr'><strong>negare</strong></span> 
     </span>
     <span class='ocr_line' id='line_1_36' title="bbox 212 3191 795 3269; baseline 0.003 -19"><span class='ocrx_word' id='word_1_228' title='bbox 212 3191 249 3251; x_wconf 81' lang='lat' dir='ltr'><strong>Et</strong></span> <span class='ocrx_word' id='word_1_229' title='bbox 263 3208 321 3253; x_wconf 89' lang='lat' dir='ltr'><strong>nos</strong></span> <span class='ocrx_word' id='word_1_230' title='bbox 336 3193 366 3253; x_wconf 91' lang='lat' dir='ltr'><strong>in</strong></span> <span class='ocrx_word' id='word_1_231' title='bbox 381 3191 488 3252; x_wconf 82' lang='lat' dir='ltr'><strong>turbae</strong></span> <span class='ocrx_word' id='word_1_232' title='bbox 501 3199 589 3269; x_wconf 89' lang='lat' dir='ltr'><strong>parte</strong></span> <span class='ocrx_word' id='word_1_233' title='bbox 603 3192 700 3252; x_wconf 84' lang='lat' dir='ltr'><strong>fuisse</strong></span> <span class='ocrx_word' id='word_1_234' title='bbox 714 3199 795 3253; x_wconf 79' lang='lat' dir='ltr'><strong>tuae</strong></span> 
     </span>
     <span class='ocr_line' id='line_1_37' title="bbox 110 3275 964 3353; baseline -0.005 -14"><span class='ocrx_word' id='word_1_235' title='bbox 110 3284 158 3339; x_wconf 80' lang='lat'><strong>105</strong></span> <span class='ocrx_word' id='word_1_236' title='bbox 170 3275 285 3350; x_wconf 89' lang='lat' dir='ltr'><strong>Ingenii</strong></span> <span class='ocrx_word' id='word_1_237' title='bbox 300 3283 390 3350; x_wconf 90' lang='lat' dir='ltr'><strong>certe,</strong></span> <span class='ocrx_word' id='word_1_238' title='bbox 414 3292 477 3353; x_wconf 92' lang='lat' dir='ltr'><strong>quo</strong></span> <span class='ocrx_word' id='word_1_239' title='bbox 492 3293 550 3338; x_wconf 92' lang='lat' dir='ltr'><strong>nos</strong></span> <span class='ocrx_word' id='word_1_240' title='bbox 564 3277 643 3336; x_wconf 86' lang='lat' dir='ltr'><strong>mate</strong></span> <span class='ocrx_word' id='word_1_241' title='bbox 657 3276 812 3338; x_wconf 87' lang='lat' dir='ltr'><strong>sensimus</strong></span> <span class='ocrx_word' id='word_1_242' title='bbox 825 3289 913 3348; x_wconf 84' lang='lat' dir='ltr'><strong>usos,</strong></span> <span class='ocrx_word' id='word_1_243' title='bbox 961 3312 964 3319; x_wconf 88' lang='lat'>·</span> 
     </span>
     <span class='ocr_line' id='line_1_38' title="bbox 212 3358 873 3436; baseline 0 -18"><span class='ocrx_word' id='word_1_244' title='bbox 212 3358 336 3421; x_wconf 83' lang='lat' dir='ltr'><strong>Artibus</strong></span> <span class='ocrx_word' id='word_1_245' title='bbox 351 3361 499 3436; x_wconf 87' lang='lat' dir='ltr'><strong>exceptis,</strong></span> <span class='ocrx_word' id='word_1_246' title='bbox 522 3375 618 3436; x_wconf 86' lang='lat' dir='ltr'><strong>saepe</strong></span> <span class='ocrx_word' id='word_1_247' title='bbox 632 3359 779 3436; x_wconf 91' lang='lat' dir='ltr'><strong>probator</strong></span> <span class='ocrx_word' id='word_1_248' title='bbox 792 3374 873 3419; x_wconf 86' lang='lat' dir='ltr'><strong>eras.</strong></span> 
     </span>
     <span class='ocr_line' id='line_1_39' title="bbox 169 3442 962 3521; baseline -0.001 -18"><span class='ocrx_word' id='word_1_249' title='bbox 169 3444 233 3503; x_wconf 81' lang='lat' dir='ltr'><strong>Nee</strong></span> <span class='ocrx_word' id='word_1_250' title='bbox 247 3459 324 3519; x_wconf 82' lang='lat' dir='ltr'><strong>mea,</strong></span> <span class='ocrx_word' id='word_1_251' title='bbox 346 3444 373 3504; x_wconf 90' lang='lat' dir='ltr'><strong>si</strong></span> <span class='ocrx_word' id='word_1_252' title='bbox 387 3449 502 3505; x_wconf 84' lang='lat' dir='ltr'><strong>tuntum</strong></span> <span class='ocrx_word' id='word_1_253' title='bbox 515 3451 643 3521; x_wconf 86' lang='lat' dir='ltr'><strong>peccata</strong></span> <span class='ocrx_word' id='word_1_254' title='bbox 657 3442 828 3504; x_wconf 85' lang='lat' dir='ltr'><strong>novissima</strong></span> <span class='ocrx_word' id='word_1_255' title='bbox 842 3442 962 3511; x_wconf 77' lang='lat' dir='ltr'><strong>demes,</strong></span> 
     </span>
    </p>
   </div>
   <div class='ocr_carea' id='block_1_4' title="bbox 0 0 1164 3960">
    <p class='ocr_par' dir='ltr' id='par_1_6' title="bbox 0 0 1164 3960">
     <span class='ocr_line' id='line_1_40' title="bbox 0 0 1164 3960; baseline 0 2"><span class='ocrx_word' id='word_1_256' title='bbox 0 0 1164 3960; x_wconf 95' lang='lat' dir='ltr'><strong> </strong></span> 
     </span>
    </p>
   </div>
  </div>
 </body>
</html>
