2318 3960
494 233 721 296 TRISTIUM

214 386 352 446 Carmina
366 402 424 446 nec
439 387 529 447 siccis
545 387 684 462 perlegat
698 385 756 446 ista
771 385 867 460 genis,

168 471 206 530 Et
219 471 327 531 tacitns
343 485 461 544 secum,
484 486 523 528 ne
538 470 607 545 quis
622 470 719 529 malus
735 469 853 544 audiat,
870 473 962 544 optet,

121 563 157 616 eu
213 554 258 614 Sit
272 569 341 613 mea
354 553 445 613 lenito
462 553 592 613 Caesare
606 568 707 629 poena
720 553 831 613 minor:

172 639 235 698 Nes
253 653 386 712 quoqne,
405 636 546 712 quisquis
562 637 626 711 erit,
642 653 681 695 ne
696 637 736 696 sit
750 639 844 697 miser
857 636 935 712 ipse,
951 648 1123 710 precamur,

212 721 352 780 Placatos
368 721 479 781 misere
497 721 547 795 qui
563 721 646 781 volet
657 736 728 780 esse
744 723 831 781 deas.

173 806 317 880 Quaeque
334 805 429 879 volet,
445 810 511 864 rata
528 805 603 877 sint,
620 804 783 879 ablataque
797 802 945 880 principis
961 801 1006 859 ira

216 887 347 948 Sedibus
362 888 392 946 in
408 889 514 963 patriis
529 889 580 949 det
594 887 666 946 mihi
681 905 778 964 posse
792 888 878 949 mori.

122 983 157 1036 35
172 973 211 1032 Ut
226 987 356 1047 peragas
372 973 530 1047 mandata,
546 972 637 1046 liber,
655 972 819 1048 culpabere
835 973 939 1032 lorsan

216 1056 394 1132 Ingeniique
409 1055 507 1116 minor
522 1056 613 1116 laude
628 1057 726 1116 lerere
741 1057 810 1114 mei.

173 1139 285 1199 Iudicis
303 1139 437 1200 cilicium
453 1146 499 1200 est
515 1147 545 1199 ut
559 1155 625 1213 res,
642 1141 683 1200 ita
697 1146 836 1214 tempora
850 1154 950 1198 rerum

216 1223 377 1297 Quaerere.
414 1224 554 1299 quaesita
569 1230 708 1301 tempore
718 1230 799 1298 tutas
816 1223 886 1282 eris.

174 1306 314 1367 Carmina
328 1308 511 1381 proveniunt
526 1307 626 1368 animo
643 1307 774 1369 deducta
788 1321 915 1366 sereno:

124 1399 159 1452 40
214 1389 324 1449 Nubila
339 1398 409 1452 sunt
423 1391 531 1452 subitis
547 1400 685 1467 tempora
699 1397 805 1451 nostra
815 1390 913 1449 malis.

175 1472 315 1534 Carmina
329 1489 488 1534 secessum
504 1475 665 1536 scribentis
681 1483 712 1535 et
728 1476 789 1535 otia
805 1479 966 1548 quaerunt:

213 1557 263 1616 ille
276 1572 375 1632 mare,
391 1573 440 1617 me
455 1559 551 1632 venti,
567 1574 616 1617 me
631 1559 696 1618 iera
710 1560 800 1618 iactat
814 1557 922 1616 hiems.

175 1639 363 1702 Carminibus
379 1648 476 1702 metus
493 1642 590 1702 omnis
607 1643 704 1702 abest.
741 1657 798 1716 ego
814 1640 950 1716 perditus
966 1652 1073 1698 ensem

216 1724 388 1785 Haesurum
400 1725 505 1800 iugula
518 1727 577 1784 iam
592 1734 665 1802 puto
682 1727 804 1800 iamque
818 1740 896 1784 meo.

125 1817 157 1869 45
172 1809 256 1868 Hace
271 1824 396 1884 quoque
412 1809 496 1884 quod
511 1810 606 1882 facio,
627 1810 720 1869 iudex
732 1808 888 1868 mirabitur
899 1823 1027 1882 aequus,

218 1890 401 1967 Scriptaque
415 1908 484 1952 cunr
499 1893 590 1953 venia
606 1894 841 1970 qualiacumque
856 1893 945 1966 leget.

173 1974 219 2034 Da
234 1974 305 2034 milri
320 1974 502 2038 Maeoniden
519 1984 549 2037 et
563 1984 607 2038 tot
621 1977 822 2053 circumspice
836 1991 937 2050 casus,
1086 2007 1124 2021 -

217 2059 375 2133 ingenium
390 2061 481 2121 tantis
497 2061 619 2121 excidet
635 2077 724 2122 omne
738 2061 837 2121 rnalis.

175 2142 314 2216 Denique
326 2158 452 2204 securus
469 2145 580 2219 lamae,
596 2145 686 2219 liber,
702 2146 746 2204 ire
761 2152 921 2218 uramenta,

125 2234 159 2288 50
215 2225 277 2284 Nec
289 2225 342 2285 tibi
358 2227 397 2287 sit
410 2221 490 2287 lecte
505 2228 701 2303 displicuisse
713 2230 822 2303 pudor.

174 2310 240 2369 Non
255 2309 297 2369 ita
310 2325 346 2370 se
357 2310 446 2371 nobis
461 2311 587 2386 praebet
601 2313 720 2371 senuna
735 2313 910 2384 secundant,

216 2395 256 2454 Ut
270 2393 323 2454 tibi
339 2395 379 2455 sit
392 2395 469 2456 ratio
486 2395 587 2456 laudis
603 2396 746 2456 habenda
760 2403 839 2455 tuae.

175 2480 280 2538 Donec
296 2494 380 2537 eram
395 2492 524 2554 sospes,
541 2480 616 2539 tituli
631 2479 779 2554 tangebar
793 2495 906 2552 amore,

217 2561 452 2636 Quaerendique
466 2561 538 2621 milri
555 2563 686 2624 nominis
702 2565 794 2624 ardor
807 2571 880 2622 erat.

119 2655 160 2707 aa
176 2645 315 2705 Carmina
331 2646 451 2706 nuncsi
467 2663 528 2707 non
545 2648 757 2723 studiumque,
775 2647 857 2721 quod
873 2643 985 2719 obluit,
1002 2644 1064 2719 odi,
1158 2643 1159 2646 ’

218 2728 263 2788 Sit
278 2729 363 2788 satis.
397 2729 519 2804 ingenio
535 2732 580 2791 sic
596 2733 667 2806 luga
682 2737 769 2806 parta
782 2745 862 2789 mea.

175 2813 187 2869 l
203 2820 302 2872 tamen
318 2820 348 2873 et
361 2829 417 2888 pro
433 2830 481 2874 me
495 2820 543 2890 tu,
560 2815 607 2875 cui
622 2814 707 2888 licet,
723 2814 829 2887 aspice
842 2813 983 2873 Romam:

217 2896 252 2956 lli
270 2897 419 2973 lacerent,
435 2914 561 2974 possem
576 2914 657 2958 nunc
673 2912 758 2955 meus
775 2910 846 2955 esse
860 2895 945 2954 liber.

175 2981 293 3054 Necte,
312 2981 395 3057 quod
410 2985 517 3043 venias
531 2997 671 3057 magnam
687 2979 866 3055 peregrinus
881 2979 909 3038 in
925 2978 1048 3052 Urbem,

126 3072 161 3125 aa
216 3066 354 3139 Ignotum
368 3067 484 3143 populo
496 3080 593 3142 posse
607 3063 711 3124 venire
724 3069 807 3139 puta.

176 3150 214 3210 ut
228 3148 313 3209 titulo
329 3164 450 3224 careas,
467 3151 535 3227 ipso
551 3163 681 3211 nascere
696 3148 809 3208 colore.

218 3232 419 3294 Dissimulare
432 3235 526 3310 velis,
542 3241 571 3296 te
586 3234 681 3308 liquet
692 3248 764 3294 esse
778 3247 888 3292 meum.

178 3317 260 3377 Clam
275 3323 376 3377 tamen
392 3319 517 3391 intrato,
534 3335 573 3380 ne
589 3326 618 3381 te
632 3333 700 3379 mea
715 3316 849 3377 carmina
863 3315 999 3375 laedant:

217 3401 284 3461 Non
299 3409 370 3462 sunt
383 3408 416 3462 ut
432 3403 586 3477 quondam
601 3402 692 3478 plena
707 3401 822 3462 laveris
838 3405 932 3460 erant.

126 3493 162 3548 dt
179 3484 208 3545 st
227 3484 294 3562 quis
311 3485 381 3560 erit,
400 3485 497 3560 quite
529 3487 600 3561 quia
616 3487 658 3547 sis
673 3500 775 3559 meus,
793 3500 864 3546 esse
879 3480 1042 3558 legendum
