2318 3960
421 213 479 284 Vl,
499 211 655 276 86-159.
984 212 1045 276 319

161 364 262 440 thue
276 379 379 423 comes
394 364 547 440 sequitur,
564 365 760 442 destituitque
778 366 896 428 ducem.

120 447 232 512 Stulta!
247 446 331 508 videt
344 448 450 522 lanus,
469 464 548 522 quae
562 456 635 524 post
648 465 706 509 sua
719 455 805 524 terga
819 463 975 524 geramum

159 531 206 591 Nil
221 531 302 606 agis,
319 537 350 590 et
363 531 495 592 latebras
509 533 634 608 respicit
648 531 699 592 ille
712 538 790 592 tuas.

53 616 166 680 1151111
182 615 262 691 agis,
280 620 334 674 ent
350 614 423 674 dixi.
452 631 522 676 nam
536 623 567 676 te
581 616 638 678 sub
653 631 730 692 rupe
744 616 886 678 latentem

161 699 297 774 Occupat
310 700 467 773 amplexu,
483 715 603 777 speque
619 699 732 776 potitus
748 700 802 759 ait:

118 783 181 843 ‘lus
197 798 252 858 pro
269 781 431 843 concubitu
445 789 549 846 nostro
565 783 618 844 tibi
633 784 766 844 cardinis
785 791 862 845 esto.

159 868 226 928 Hoc
240 865 369 941 pretium
384 865 503 941 positae
517 867 695 943 virginitatis
711 865 812 926 habe?

118 950 169 1012 Sic
185 952 265 1009 laius
280 949 415 1024 spinam,
434 966 494 1025 qua
508 950 610 1012 tristes
628 951 742 1027 pellere
758 957 867 1025 posset

52 1044 106 1098 tao
161 1037 189 1092 Α
207 1031 323 1093 loribus
339 1028 468 1096 noxas..)
484 1032 561 1094 haec
576 1042 640 1095 erat
656 1033 756 1094 alba...
772 1034 864 1094 dedit.

118 1118 196 1180 Sunt
209 1117 318 1177 avidae
331 1117 489 1191 volucres,
506 1133 567 1178 non
581 1134 660 1194 quae
673 1117 798 1177 Phineia
812 1116 926 1178 mensis
989 1114 991 1117 ’

162 1202 287 1263 Guttura
301 1199 496 1275 fraudabant,
512 1203 569 1263 sed
584 1217 682 1277 genus
696 1201 768 1263 inde
783 1202 918 1262 trahunt:

119 1286 240 1347 Grande
256 1291 361 1360 caput,
377 1290 493 1346 stantes
509 1285 603 1362 oculi,
620 1292 720 1347 rostra
734 1292 805 1361 apta
818 1285 943 1361 rapinis,

163 1368 293 1429 Canities
308 1368 425 1444 pinnis,
440 1368 590 1445 unguibus
606 1370 713 1431 hamus
730 1369 817 1431 inest.

52 1459 104 1514 135
118 1454 213 1514 Nocte
227 1454 346 1527 volant,
368 1468 545 1530 puerosque
561 1461 667 1530 petunt
681 1453 804 1514 nutricis
819 1460 952 1529 egentes,

160 1538 198 1597 Et
210 1536 317 1598 vitiant
331 1537 417 1597 cunis
433 1551 564 1612 corpora
576 1546 665 1613 rapta
678 1537 751 1598 suis.

121 1622 252 1697 Carpere
271 1621 412 1682 dicuntur
425 1621 567 1682 lactentia
580 1621 701 1682 viscera
715 1621 832 1694 rostris,
882 1693 885 1698 ,

160 1705 198 1764 Et
212 1706 335 1780 plenum
350 1711 423 1779 poto
439 1705 587 1780 sanguine
601 1712 703 1779 guttur
721 1704 842 1764 habent.

118 1789 174 1850 Est
187 1789 246 1850 illis
263 1787 407 1862 strigibus
422 1805 542 1850 nomen.
575 1789 631 1848 sed
646 1789 776 1852 nominis
790 1789 880 1848 huius
999 1816 1006 1826 ·

52 1872 107 1929 llo
162 1873 276 1948 Causa,
293 1872 377 1948 quod
391 1871 544 1933 horrenda
559 1873 688 1932 stridere
706 1878 796 1932 nocte
810 1873 919 1934 solent

120 1956 192 2018 Sive
206 1955 296 2032 igitur
310 1963 477 2016 nascuntur
488 1971 576 2027 aves,
594 1971 650 2017 seu
664 1955 796 2017 carmine
810 1955 894 2030 liunt,

161 2041 338 2115 Naeuiaque
352 2039 382 2098 in
397 2041 539 2100 volucres
553 2039 656 2100 Marsa
669 2039 778 2115 figurat
792 2053 885 2099 anus=

120 2127 154 2184 ln
168 2125 318 2186 thalamos
338 2138 450 2183 venere
464 2122 588 2183 Procae.
616 2123 713 2184 Proca
727 2130 815 2184 natus
830 2122 860 2182 in
875 2117 955 2184 illis‘

163 2207 281 2268 Praeda
295 2222 404 2267 recens
418 2206 519 2266 avium
536 2207 671 2284 quinque
686 2205 794 2267 diebus
810 2212 887 2265 erata

54 2287 107 2340 145
120 2292 310 2366 Pectoraque
326 2290 492 2352 exsorbent
506 2290 606 2350 avidis
622 2289 747 2350 infantia
761 2289 887 2364 linguis:

161 2377 203 2434 At
217 2390 293 2452 puer
308 2375 413 2434 inlelix
428 2375 510 2449 vagit
524 2389 676 2450 opemque
690 2374 773 2449 petit.

119 2460 234 2519 Territa
247 2474 325 2518 voce
340 2457 387 2518 sui
402 2458 503 2519 nutrix
517 2457 646 2518 accurrit
660 2458 781 2531 alumni,

162 2543 199 2602 Et
213 2541 312 2616 rigido
329 2548 431 2602 sectas
449 2541 564 2601 invenit
577 2557 679 2616 ungue
694 2556 799 2614 genas.

121 2627 200 2701 Quid
214 2626 349 2685 laceret?
377 2625 462 2687 color
477 2624 539 2684 oris
555 2630 633 2699 erat,
650 2624 702 2699 qui
717 2623 877 2683 frondibus
892 2624 964 2683 olim

57 2715 109 2768 150
165 2709 244 2770 Esse
260 2710 338 2769 solet
351 2709 447 2783 seris,
464 2724 541 2784 quas
556 2723 638 2767 nova
653 2706 742 2767 laesit
755 2707 862 2766 hiems.

121 2793 262 2854 Pervenit
276 2794 315 2852 ad
331 2792 482 2865 Cranaen,
500 2799 530 2852 et
543 2807 607 2851 rem
623 2792 722 2852 docet.
750 2791 805 2850 illa
818 2790 981 2850 ‘Timorem

164 2876 261 2936 Pone!
277 2883 346 2935 tuus
361 2879 486 2952 sospes’
507 2875 583 2935 dixit
597 2877 750 2936 ‘alumnus
766 2874 843 2934 erit'

122 2963 257 3021 Venerat
271 2959 311 3019 ad
326 2976 430 3020 cunas.
460 2957 575 3020 flebant
590 2965 747 3034 materque
763 2964 922 3033 paterque:

164 3042 281 3104 ‘Sistite
294 3059 353 3104 vos
368 3041 524 3116 lacrimas,
540 3043 609 3118 ipsa
623 3041 770 3103 medebor
777 3045 797 3099 ι’
812 3041 862 3102 ait.

56 3140 108 3194 155
123 3127 264 3188 Protinus
279 3127 405 3187 arbutea
420 3132 526 3203 postes
541 3135 587 3188 ter
600 3126 631 3185 in
646 3126 753 3188 ordine
768 3127 863 3200 tangit

36 3248 52 3275 ,ι
163 3210 300 3288 Fronde,
314 3217 361 3270 ter
375 3209 501 3272 arbutea
516 3208 619 3270 limina
633 3209 743 3270 lronde
759 3215 856 3270 notat·⁸

123 3293 245 3370 Spargit
260 3295 349 3370 aquis
364 3293 495 3356 aditus„
508 3301 538 3354 et
553 3310 652 3370 aquae
666 3291 856 3353 medicamen
866 3290 1048 3351 habebant..

163 3378 303 3453 Extaque
318 3378 357 3438 de
377 3394 473 3455 porca
489 3377 585 3439 cruda
599 3377 765 3437 bimenstre
779 3381 870 3437 tenet.

122 3462 222 3536 mque
237 3462 278 3522 ita
291 3460 406 3524 ‘Noctis
424 3477 515 3538 aves,
533 3461 612 3522 extis
628 3458 808 3536 puerilibus’
822 3458 919 3535 inquit
