2318 3960
93 200 134 264 ἢ
493 196 721 260 ‘ratsrtttnt

176 352 238 411 Iam
258 352 338 412 teror
353 349 384 409 in
402 364 536 424 pugnas,
551 356 581 408 et
596 349 732 409 nondum
751 361 868 409 cornua
884 345 1020 425 sumpsi,

220 435 283 493 Nec
299 432 371 493 mibi
392 432 532 492 sumendi
551 448 646 492 causa
662 430 794 506 sitella,
810 429 916 490 veiim.

178 517 282 577 Circus
297 517 397 576 adbuc
412 522 523 575 cessat
560 517 677 591 spargit
691 523 792 576 tamen
807 528 881 573 acer
899 528 1028 575 arenam

125 609 159 662 30
210 601 344 672 Taurus,
364 606 394 660 et
410 599 522 659 infesto
539 600 599 660 iam
617 602 697 676 pede
713 599 816 673 pulsat
830 597 975 658 humum,

176 684 241 745 Hoc
254 698 386 758 quoque,
395 699 486 758 quam
494 685 586 757 votui,
599 687 733 760 pluoest.
745 696 832 757 eane,
841 680 944 754 Musa,
956 686 1091 758 recepta

218 768 297 827 Dum
316 766 385 825 licet
399 765 471 826 huic
487 784 597 827 nomen
615 766 808 828 dissimulare
824 780 927 825 suum.

98 901 166 1000 10.
185 902 243 996 lue
259 951 316 1012 ego
333 936 385 1010 qui
400 936 522 1009 fuerim,
542 948 714 995 tenerorum
734 937 821 996 lusor
834 950 988 1011 amorum,

220 1021 314 1094 Quem
329 1020 420 1094 legis,
439 1025 472 1078 ut
485 1020 585 1093 noris,
602 1019 709 1094 accipe
726 1020 901 1094 posteritas.

178 1104 282 1165 Sulmo
300 1103 372 1162 mibi
387 1104 485 1178 patria
500 1108 561 1176 est,
577 1103 687 1177 gelidis
705 1103 875 1164 uberrimus
893 1104 999 1181 undis,

217 1187 301 1247 Milia
318 1187 368 1262 qui
386 1186 494 1246 novies
511 1187 602 1247 distat
618 1186 655 1246 ab
671 1186 755 1247 Urbe
770 1187 888 1246 decem.

148 1280 164 1331 5
179 1271 286 1330 Editus
302 1270 373 1329 hinc
390 1286 447 1344 ego
464 1286 548 1343 sum,
566 1285 623 1329 nec
641 1286 703 1330 non
722 1278 756 1330 ut
771 1278 912 1345 tempora
930 1272 1028 1348 noris,
1058 1330 1061 1337 .

219 1354 291 1414 cnm
311 1354 419 1415 cecidit
434 1354 496 1414 fato
513 1355 621 1414 consul
636 1359 766 1429 uterque
782 1354 863 1430 pari=

177 1436 210 1497 Si
227 1438 301 1512 quid
318 1437 349 1495 id
367 1443 427 1509 eet,
448 1453 549 1510 usque
564 1452 583 1494 a
600 1437 726 1512 proavis
741 1443 831 1498 vetus
850 1438 971 1499 ordinis
987 1438 1079 1511 beroe,
1108 1428 1118 1485 'r

216 1521 282 1580 Non
299 1520 391 1578 modo
407 1519 546 1579 fortunae
562 1535 687 1579 munere
705 1521 804 1582 iactus
820 1535 929 1596 equos.
974 1524 981 1553 ·“
1113 1480 1119 1611 i

176 1605 239 1663 Nec
254 1604 346 1677 stirps
362 1602 526 1678 primatui.
563 1604 666 1678 genito
686 1620 754 1664 sum
769 1604 861 1664 tratre
877 1613 1015 1684 oreatus,
1116 1624 1119 1701 Ι

128 1700 161 1752 10
218 1686 274 1760 Qui
289 1686 385 1746 tribus
400 1691 470 1745 ante
485 1692 592 1760 quater
607 1687 764 1748 mensibus
781 1694 865 1748 ortus
881 1695 956 1750 erat.

176 1770 298 1830 Lucifer
313 1769 470 1831 amborum
485 1771 639 1831 natalibus
653 1769 739 1831 affuit
752 1772 848 1832 idem:

217 1853 285 1915 Una
301 1853 454 1915 celebrata
468 1860 515 1913 est
529 1870 585 1928 per
599 1855 660 1916 duo
676 1855 737 1914 liba
752 1855 828 1916 dies.

176 1937 261 1997 Haec
275 1945 322 1998 est
337 1938 497 1998 armiferae
512 1939 599 1998 iestis
618 1939 657 1998 de
674 1939 808 2013 quinque
823 1938 995 2017 Minervae,

219 2020 303 2096 Quae
317 2021 383 2082 fieri
399 2038 503 2097 pugna
517 2023 617 2097 prima
631 2029 757 2084 cruenta
771 2024 859 2084 solet.

128 2114 160 2166 15
174 2105 315 2166 Protinus
331 2106 498 2165 excolimur
511 2106 623 2181 teneri,
638 2121 774 2181 curaque
787 2106 926 2183 parentis

217 2190 299 2248 lmus
317 2187 357 2248 ad
372 2188 507 2262 insignes
523 2189 615 2251 Urbis
636 2191 674 2249 ab
691 2198 756 2251 arte
768 2190 863 2252 viros.

177 2273 282 2331 Frater
298 2272 338 2330 ad
351 2272 506 2346 eloquium
520 2274 610 2333 viridi
626 2272 771 2334 tendebat
786 2273 825 2333 ab
845 2288 936 2351 aevo,

217 2354 320 2416 Fortia
334 2353 459 2414 verbosi
475 2365 566 2418 natus
581 2359 621 2418 ad
637 2374 721 2418 arma
735 2357 803 2419 sori.

176 2441 217 2498 At
231 2438 304 2497 mibi
321 2437 381 2496 iam
396 2454 492 2514 puero
511 2441 654 2501 caelestia
671 2457 761 2502 sacra
776 2440 950 2517 placebant,

126 2527 162 2579 ιο
216 2523 312 2595 Inque
332 2536 420 2581 suum
433 2523 534 2582 furtim
548 2524 637 2584 Musa
655 2524 795 2586 trahebat
810 2541 899 2601 opus.

180 2605 281 2680 Saepe
295 2610 383 2680 pater
397 2605 472 2666 dixit
486 2607 639 2667 ‘Studium
654 2609 729 2683 quid
744 2609 848 2669 inutile
861 2616 1018 2686 temptas!

218 2688 397 2749 Maeonides
412 2691 512 2750 nullas
528 2692 596 2766 ipse
611 2691 733 2767 reliquit
747 2696 847 2768 opes!

177 2773 277 2834 Motus
293 2789 376 2833 eram
392 2772 496 2848 dietis,
510 2781 636 2850 totoque
650 2774 797 2835 Helicone
809 2775 915 2837 relicto

218 2857 358 2917 Scribere
373 2858 509 2917 conabar
523 2858 617 2917 verba
632 2860 733 2918 soluta
743 2860 854 2920 modia.

127 2942 161 2995 25
177 2940 294 3016 Sponte
307 2956 363 3000 sua
378 2955 500 3001 carmen
514 2957 657 3002 numeros
673 2942 815 3004 veniebat
829 2943 868 3004 ad
884 2951 986 3020 aptos,

217 3024 254 3083 Et
269 3024 353 3099 quod
368 3024 553 3099 temptabam
569 3026 686 3098 dicere,
702 3042 811 3087 versus
828 3033 902 3087 erat.

177 3109 295 3168 Interea
308 3107 398 3169 tacito
414 3125 512 3184 passu
527 3108 697 3169 labentibus
713 3110 801 3169 annis

215 3191 353 3250 Liberior
367 3192 450 3253 fratri
465 3200 587 3268 sumpta
602 3193 736 3268 mihique
749 3200 822 3268 toga
833 3199 890 3265 est,

177 3274 374 3350 Induiturque
389 3276 523 3337 humeris
540 3292 608 3336 oum
623 3276 684 3337 lato
699 3292 834 3352 purpura
848 3277 947 3353 clavo,

128 3364 163 3418 ao
215 3357 254 3418 m
268 3358 400 3417 studium
413 3359 504 3420 nobis
519 3360 604 3435 quod
618 3361 674 3420 iuit
687 3367 771 3434 ante,
786 3365 897 3419 manet

176 3443 303 3518 lamque
318 3442 423 3501 decem
437 3443 517 3502 vitae
532 3445 624 3503 frater
637 3444 845 3519 geminaverat
862 3456 971 3520 annon,
