2318 3960
434 216 477 289 11,
499 215 656 281 ari—104.
981 215 1044 281 228

112 368 217 443 Saepe
231 382 342 442 graves
357 365 480 442 pluvias
496 365 664 442 adopertus
676 367 809 430 nubibus
825 375 929 430 auster

155 451 307 525 concitat,
323 456 374 510 aut
389 450 490 524 posita
504 450 561 510 sub
578 451 649 512 nive
663 458 743 512 terra
757 452 838 513 latet.

407 582 437 643 2.
458 584 519 644 AN
558 585 588 647 3.
609 585 667 645 BN

111 701 273 762 Proximus
290 700 458 775 Hesperias
473 701 559 762 Titan
573 701 709 764 abiturus
726 705 756 765 in
772 706 870 765 undas

153 785 297 845 Gemmea
316 784 480 859 purpureis
496 799 564 846 cum
579 787 650 862 iuga
664 787 765 849 demet
779 788 877 863 equis,

56 877 93 933 75
108 869 164 928 Illa
179 874 271 930 nocte
285 868 412 942 aliquis,
436 870 545 930 tollens
561 872 601 931 ad
617 871 720 932 sidera
735 874 860 944 voltum,

153 951 240 1013 Dicet
253 952 323 1012 ‘Ubi
339 957 386 1011 est
399 951 493 1012 hodIe
509 969 589 1028 quae
603 955 685 1033 Lyra
700 957 785 1017 fulsit
798 956 902 1016 herit’

110 1037 253 1111 Dumque
266 1036 379 1112 Lyram
394 1044 534 1111 quaeret,
555 1039 646 1101 medii
662 1054 787 1115 quoque
801 1048 885 1114 terga
899 1040 1013 1101 Leonis

154 1122 187 1179 ln
203 1119 335 1195 liquidas
351 1117 452 1181 subito
467 1135 569 1180 mersa
583 1123 701 1183 notabit
715 1139 824 1198 aquas.

479 1252 510 1315 4.
539 1255 593 1316 CN

114 1370 210 1444 Quem
224 1372 317 1432 modo
333 1370 482 1432 caelatum
498 1372 594 1433 stellis
611 1373 762 1449 Delphina
776 1374 914 1446 videbas,
949 1392 951 1396 ’

10 1473 11 1476 ’
58 1463 94 1518 80
151 1455 182 1514 Is
198 1455 293 1531 fugiet
305 1455 394 1516 visus
410 1461 500 1516 nocte
517 1464 666 1532 sequente
681 1464 768 1519 tuos:

112 1536 174 1598 Seu
192 1538 247 1598 luit
263 1539 389 1600 occulus
405 1540 478 1599 felix
495 1540 525 1600 in
540 1541 697 1603 amoribus
713 1541 815 1616 index,

153 1622 288 1683 Lesbida
303 1639 372 1682 curn
388 1624 512 1685 domino
528 1640 584 1684 sea
602 1627 668 1686 tulit
683 1626 732 1686 ille
747 1626 855 1703 lyram.

112 1706 203 1781 Quod
221 1723 305 1767 mare
318 1722 379 1767 non
394 1708 494 1781 novit,
511 1725 591 1784 quae
605 1710 705 1772 nescit
717 1711 835 1771 Ariona
849 1711 962 1771 tellust

151 1789 290 1851 Carmine
305 1798 462 1852 currentes
478 1791 529 1852 ille
543 1792 666 1853 tenebat
679 1810 787 1869 aquas.

60 1884 96 1937 85
113 1873 216 1949 Saepe
233 1891 369 1950 sequens
383 1890 494 1951 agnam
508 1876 598 1951 lupus
608 1883 766 1938 estavoce
779 1883 930 1938 retentum

153 1957 256 2034 Saepe
272 1957 397 2023 avidum
411 1959 531 2034 rugiens
546 1960 655 2020 restitit
668 1976 748 2034 agna
761 1962 876 2035 lupum.

112 2041 214 2117 Saepe
228 2057 323 2102 canes
337 2044 523 2118 leporesque
536 2044 644 2103 umbra
659 2043 792 2104 cubuere
807 2043 865 2104 sub
880 2062 950 2114 una,

151 2125 190 2184 Et
206 2124 287 2187 stetit
303 2127 333 2186 in
352 2141 429 2186 saxo
446 2127 586 2202 proxima
603 2142 695 2188 cerva
709 2129 792 2188 leae:

110 2209 149 2270 Et
163 2209 230 2269 sine
245 2210 296 2270 lite
311 2211 426 2284 loquax
440 2226 509 2271 cum
525 2211 657 2272 Palladis
673 2211 743 2274 alite
759 2211 865 2272 cornix

59 2305 96 2360 90
154 2291 254 2366 Sedit,
278 2301 307 2352 et
323 2293 459 2370 accipitri
474 2294 576 2355 iuncta
592 2295 733 2356 columba
749 2295 811 2355 luit.

114 2377 245 2455 Cynthia
259 2393 354 2453 saepe
370 2377 429 2437 tuis
446 2379 554 2454 fertur,
572 2378 688 2440 vocalis
703 2379 809 2451 Arion,

153 2463 320 2536 Tamquam
336 2462 476 2523 fraternis
492 2461 682 2538 obstipuisse
695 2463 808 2523 modis.

113 2543 228 2606 Nomen
245 2545 404 2606 Arionium
420 2545 540 2606 Siculas
555 2545 734 2621 impleverat
746 2545 849 2618 urbae,

155 2627 312 2704 captaque
328 2635 394 2690 erat
416 2628 519 2708 lyricis
534 2629 671 2690 Ausonis
688 2645 742 2690 ora
759 2629 856 2690 sonis.

60 2723 96 2778 95
111 2713 188 2773 lade
204 2712 328 2774 domum
343 2721 486 2789 repetens
501 2728 637 2789 puppem
652 2714 832 2773 conscendit
845 2712 948 2787 Arion,

154 2797 257 2871 Atque
276 2796 319 2859 ita
336 2797 495 2873 quaesitas
513 2805 577 2858 arte
592 2795 709 2856 ferebat
723 2813 811 2872 opes.

113 2880 269 2953 Forsitan,
285 2880 406 2963 infelix,
427 2886 537 2942 ventos
552 2880 714 2954 undasque
730 2880 877 2940 timebas:

155 2965 196 3025 At
210 2963 264 3025 tibi
277 2981 356 3025 nave
370 2971 422 3025 tua
434 2965 526 3026 tutius
541 2979 658 3041 aequor
671 2970 753 3025 erat..
838 3045 839 3048 Ἴ

112 3048 251 3125 Namque
264 3047 449 3124 gubernator
464 3049 608 3111 destricto
625 3046 759 3108 constitit
773 3061 856 3120 ense,
871 3094 874 3101 .

44 3145 93 3196 100
152 3132 320 3208 ceteraque
336 3139 452 3193 armata
466 3134 591 3195 conscia
606 3130 695 3192 turba
708 3146 809 3190 manu.

112 3216 191 3291 Quid
207 3216 261 3277 tibi
276 3232 345 3278 cum
359 3215 484 3292 gladio?
499 3217 623 3278 dubiam
636 3231 727 3292 rege,
747 3214 867 3286 navita,
887 3213 1001 3288 pinum

153 3299 221 3361 Non
235 3300 314 3362 haee
328 3307 404 3371 sunt·
413 3301 515 3376 digitis
532 3317 617 3362 arma
630 3298 763 3360 tenenda
780 3296 851 3359 tuis.

111 3385 176 3456 lile,
193 3391 275 3447 metu
288 3399 415 3460 vacuus,
436 3384 578 3447 armonem
592 3399 655 3445 non
671 3382 835 3459 deprecor'
850 3377 956 3456 inquit,

157 3467 233 3530 ‘Sed
248 3469 338 3529 liceat
352 3475 475 3547 sumpta
488 3484 588 3546 pauca
599 3467 715 3528 referre
731 3467 822 3546 lyra!
