2318 3960
429 247 473 321 ll,
496 246 675 313 atta-472.

52 409 114 464 edd
129 399 235 459 Monte
249 397 307 458 suh
321 398 462 474 Esquilio
477 400 578 460 multis
594 402 763 463 incaeduus
778 404 867 464 annis

170 482 296 543 lunonis
311 498 440 557 magnae
455 483 577 543 nomine
591 486 678 544 lucus
694 492 767 545 erat.

128 565 197 627 Huc
211 565 263 625 ubi
276 573 441 641 venerunt,
456 566 571 641 pariter
585 574 760 643 nuptaeque
777 569 894 644 virique

171 648 357 725 Suppliciter
371 650 473 725 posito
488 651 681 726 procubuere
694 668 789 727 genu=

130 733 206 794 Cum
220 733 322 793 subito
337 739 438 793 motae
451 741 601 793 tremuere
616 736 775 796 cacrunina
789 737 895 812 silvae,

54 823 117 878 440
168 816 207 877 Et
221 817 281 876 dea
296 833 351 894 per
364 818 451 879 lucos
466 819 542 876 mira
555 819 657 879 locuta
672 836 757 880 suos.

129 901 267 961 ‘Italidas
280 907 404 961 matres’
419 901 516 975 inquit
534 905 636 961 ‘sacer
649 902 752 963 hircus
767 903 862 964 inito!

172 983 326 1059 Obstipuit
341 984 433 1044 dubio
448 985 551 1044 territa
564 985 653 1045 turba
667 1002 756 1045 sono.

128 1069 238 1142 Augur
252 1074 330 1140 erat,
347 1083 459 1128 nomen
474 1068 575 1142 longis
590 1069 742 1129 intercidit
755 1070 858 1130 annis:

170 1151 275 1226 Nuper
289 1151 328 1211 ab
341 1151 470 1212 Etrusca
483 1159 609 1212 venerat
623 1153 694 1211 exul
708 1152 810 1214 humo.

54 1237 113 1292 445
128 1233 183 1295 llle
197 1249 322 1310 caprum
335 1241 455 1295 mactat.
484 1235 589 1295 iussae
604 1251 661 1295 sua
674 1244 761 1310 terga
775 1237 896 1311 puellae

169 1317 304 1378 Pellibus
320 1319 454 1378 exsectis
470 1319 669 1393 percutienda
682 1319 805 1380 dabant.

126 1401 214 1461 Luna
227 1401 402 1462 resumebat
419 1402 538 1462 decimo
554 1419 636 1463 nova
652 1418 768 1464 cornua
782 1410 875 1474 motu,

169 1485 287 1559 Virque
301 1493 389 1560 pater
403 1485 518 1559 subito,
534 1494 690 1562 nuptaque
707 1493 803 1546 mater
819 1494 894 1546 erat.

130 1567 234 1629 Gratia
246 1568 389 1629 Lucinae.
419 1569 504 1631 dedit
517 1569 594 1630 haec
607 1570 660 1629 tibi
676 1570 801 1630 nomina
814 1571 912 1644 lucus,
1000 1615 1001 1618 η

55 1650 116 1704 45⁰
169 1653 232 1712 Aut
246 1652 318 1726 quia
333 1652 514 1728 principium
529 1659 576 1725 tu,
593 1654 666 1729 dea,
682 1653 759 1714 lucis
773 1653 880 1713 habes.

126 1733 237 1808 Parce,
252 1750 379 1811 precor,
395 1736 547 1810 gravidis,
563 1737 661 1797 facilis
675 1738 805 1813 Lucina,
821 1736 941 1812 puellis,

166 1818 381 1895 illatarumque
395 1826 482 1880 utero
499 1820 629 1879 molliter
642 1821 730 1880 aufer
744 1836 834 1881 onus.

130 1899 202 1961 Orta
220 1901 287 1962 dies
305 1903 408 1976 luerit,
423 1909 456 1963 tu
470 1903 578 1963 desine
593 1904 719 1963 credere
733 1905 842 1962 ventis.

172 1984 308 2046 Perdidit
322 1986 402 2046 illius
417 1987 564 2060 temporis
579 2002 653 2046 aura
667 1986 768 2046 fidem.

56 2074 114 2128 455
130 2068 268 2129 Flamina
281 2085 343 2130 non
359 2077 509 2129 constant.
538 2076 567 2130 et
581 2085 638 2130 sex
652 2076 789 2129 reserata
803 2069 911 2129 diebus

171 2151 308 2212 Carceris
324 2153 425 2212 Aeolii
440 2153 532 2213 ianua
545 2155 617 2212 laxa
632 2159 722 2227 patet.

126 2236 191 2294 lam
205 2237 282 2296 levis
299 2237 425 2312 obliqua
439 2236 578 2297 subsedit
591 2236 747 2311 Aquarius
762 2251 848 2295 urna.

168 2319 329 2379 Proximus
346 2319 506 2381 aethereos
523 2320 648 2395 excipe,
662 2319 775 2394 Piscis,
791 2333 899 2392 equos.

127 2406 169 2463 Te
182 2412 352 2464 memorant
366 2406 552 2479 fratremque
565 2412 681 2464 tuum...
696 2421 767 2464 nam
781 2403 883 2463 iuncta
898 2401 1014 2462 micatis

56 2496 115 2551 460
173 2485 298 2562 Signa...
314 2488 393 2548 duos
408 2494 493 2561 tergo
509 2487 694 2548 sustinuisse
709 2488 796 2547 deos.

127 2570 302 2630 Terribilem
317 2571 472 2645 quondam
488 2571 606 2645 lugiens
621 2571 772 2648 Typhona
786 2570 892 2643 Dione,

166 2654 250 2714 Tunc
263 2670 333 2715 cum
346 2670 402 2730 pro
420 2655 505 2713 caelo
521 2655 656 2728 luppiter
669 2670 753 2724 arma
766 2654 839 2726 tulit,

127 2738 219 2797 Venit
232 2739 272 2798 ad
287 2738 461 2813 Euphraten
477 2737 618 2796 comitata
636 2737 785 2811 Cupidine
799 2750 904 2812 parvo,

166 2821 263 2897 Inque
277 2821 466 2882 Palaestinae
483 2820 618 2895 margine
634 2819 715 2879 sedit
730 2835 838 2894 aquae,

57 2908 115 2964 46⁵
128 2904 265 2980 Populus
280 2913 310 2966 et
325 2919 442 2966 cannae
454 2901 590 2980 riparum
605 2919 724 2963 summa
737 2903 887 2976 tenebant,

171 2989 328 3065 Spemque
342 2988 456 3049 dabant
471 2988 598 3060 salices,
615 2985 673 3046 hos
689 2992 813 3061 quoque
828 3001 924 3061 posse
938 2985 1010 3059 tegi.

127 3075 207 3133 llum
221 3075 308 3148 latet,
323 3072 460 3132 insonuit
472 3078 565 3132 vento
580 3086 699 3130 nemus.
727 3069 779 3128 illa
792 3070 900 3151 timore

169 3156 281 3230 Pallet,
297 3165 328 3218 et
345 3155 474 3215 hostiles
491 3155 586 3215 credit
600 3154 713 3214 adesse
726 3169 845 3213 manus.

128 3239 229 3315 thue
243 3241 314 3300 sinu
327 3240 422 3300 tenuit
434 3246 552 3313 natum,
567 3237 768 3311 ‘succurrite
783 3234 947 3314 nymphae,

58 3331 116 3388 lto
171 3324 211 3384 Et
225 3325 273 3384 dis
288 3323 432 3384 auxilium
449 3324 524 3382 lerte
538 3323 660 3383 duobus
668 3326 689 3380 t’
705 3320 755 3380 ait.

129 3405 192 3468 Nec
205 3415 306 3480 mora,
322 3406 471 3483 prosiluit.
501 3407 605 3480 pisces
620 3405 743 3466 subiere
757 3401 891 3478 gemellis

168 3489 227 3551 Pro
243 3508 305 3566 quo
320 3505 401 3551 nunc
415 3489 497 3550 cerni
512 3489 615 3549 sidera
628 3504 740 3549 munus
754 3486 876 3546 habent.
