2318 3960
99 186 159 253 142
488 185 548 246 EX
567 185 716 246 PONTO

129 351 164 405 9⁰
222 342 311 402 Gutta
325 355 382 416 per
397 337 538 400 attonitus
554 337 617 400 ibat
636 337 745 399 obortu
758 353 865 413 genus.

180 427 264 487 Haeo
278 424 368 500 igitur
380 424 518 483 reterens
533 429 563 481 et
577 421 663 496 quod
676 437 745 481 meo
764 422 889 484 erimine
903 421 996 500 proni

221 508 342 569 Erroris
361 507 453 566 venio
467 520 565 580 posse
580 506 675 567 lutere
692 504 790 582 vides,

180 593 322 668 Respicis
338 590 495 666 antiquum
510 589 605 650 iussis
618 590 648 649 iu
668 587 761 651 rebus
775 589 915 662 uminum,

220 675 439 749 Fomentisque
454 673 544 733 iuves
560 674 688 734 vulnero
702 673 894 736 nostrutuis.

130 767 165 823 95
179 760 238 820 Pro
254 759 367 834 quibus
389 756 516 833 optandi
533 757 560 818 si
575 756 666 819 nobis
686 758 778 833 oopiu
794 757 856 831 fiet,

219 844 292 904 Tum
308 841 387 902 bene
401 857 459 917 pro
473 841 580 902 merito
599 842 760 903 commodo
773 842 854 901 mille
871 854 992 917 preoor.

179 927 242 988 Sed
258 927 284 987 si
302 927 371 988 solo
382 924 455 985 mihi
469 925 580 985 dentur
593 932 645 985 tun
663 932 751 998 vota,
773 924 933 1002 precabor,

221 1011 261 1072 Ut
273 1010 327 1071 tibi
342 1009 383 1072 sit
401 1009 489 1069 solvo
506 1008 637 1069 Caesare
651 1010 740 1069 selva
753 1025 877 1086 pareus.

178 1095 263 1155 Haeo
277 1109 352 1170 ego,
366 1108 436 1153 oum
453 1093 573 1154 iaceres
587 1094 694 1154 ulteria
706 1093 832 1168 pinguia
844 1099 920 1167 ture,

76 1192 78 1201 ¹
117 1189 168 1240 100
224 1180 265 1239 Te
282 1178 404 1240 solitum
423 1177 545 1237 memini
565 1179 664 1254 primu
678 1193 788 1251 rogare
807 1178 894 1238 deos.

124 1364 166 1456 4.
222 1400 401 1462 nrrrco.

182 1482 304 1593 Accipe
320 1517 516 1592 conloquium
531 1516 633 1591 gelido
647 1514 782 1576 Nasonis
799 1512 838 1574 ab
853 1512 969 1590 Histro,

219 1600 333 1675 Attice,
354 1601 467 1660 iudicio
482 1615 544 1660 non
565 1599 731 1660 dubitande
744 1612 824 1658 meo.

178 1684 296 1759 Ecquid
311 1683 412 1745 ndhue
426 1697 567 1745 remanes
580 1698 697 1744 memor
711 1680 840 1742 infelicis
854 1681 956 1756 omisi,

221 1767 342 1828 Deserit
355 1785 393 1829 un
415 1767 509 1843 partis
529 1767 675 1842 languido
691 1781 767 1826 eura
783 1772 882 1826 suast

150 1851 247 1913 5Non
264 1854 306 1913 ita
326 1852 356 1912 di
370 1851 442 1912 mihi
462 1858 534 1912 sunt
547 1852 668 1923 tristes,
685 1858 718 1910 ut
737 1849 864 1911 eredere
877 1850 996 1923 possim

219 1935 341 2010 Fasque
358 1943 461 2012 putem
476 1936 536 1996 ium
554 1943 584 1996 te
603 1951 665 1995 nou
678 1933 855 1994 meminisse
869 1932 940 1995 mei.

178 2020 258 2081 Ante
274 2023 382 2081 oeulos
397 2027 521 2082 nostros
541 2026 595 2080 tun
608 2018 705 2092 enim,
724 2026 778 2079 tun
793 2031 918 2094 semper
931 2016 1044 2095 imago,

220 2104 258 2163 Et
277 2103 386 2177 uideor
399 2105 501 2164 vuitus
515 2109 617 2163 mente
631 2102 738 2162 videre
756 2110 838 2163 tuos.

178 2186 267 2247 Serio
285 2189 380 2247 multo
392 2187 465 2247 mihi
480 2194 580 2248 teeum
595 2186 717 2247 eonlatu
731 2187 895 2257 recordon.

131 2276 162 2327 10
216 2270 280 2330 Nee
295 2270 366 2331 datu
380 2269 523 2331 iocundis
538 2277 677 2347 tempora
692 2285 792 2345 pauca
805 2269 893 2330 iocis.

178 2352 280 2429 Saepe
296 2353 373 2414 eitue
387 2355 488 2429 longis
507 2355 596 2415 visne
615 2353 809 2415 sermonibus
829 2353 934 2425 horae,

219 2435 320 2512 Saepe
334 2437 390 2499 fuit
403 2439 540 2515 brevior,
556 2454 648 2515 quum
663 2453 732 2498 meu
745 2437 855 2507 verba,
876 2437 956 2499 diss.

177 2519 279 2596 Saepe
293 2528 363 2582 tuas
379 2523 463 2582 venit
476 2523 589 2584 iactum
604 2522 698 2583 modo
714 2536 835 2582 carmen
851 2521 892 2581 ad
910 2522 995 2583 auris

217 2605 256 2667 Et
268 2620 350 2665 novo
364 2606 477 2666 iudieio
497 2607 621 2667 subdito
636 2622 725 2666 muso
740 2612 793 2665 tuo
807 2612 865 2666 est.

131 2696 163 2750 1⁵
180 2688 267 2763 Quod
282 2696 314 2749 tu
329 2690 489 2763 laudares,
511 2691 626 2765 populo
644 2688 801 2765 placuisse
821 2688 976 2763 putabam

219 2772 286 2834 Hoo
305 2774 434 2848 pretium
450 2789 543 2833 ourne
559 2775 649 2834 duloe
663 2772 794 2833 reeentis
809 2779 883 2833 erat
987 2822 992 2827 .

178 2856 279 2932 thue
292 2873 381 2920 meus
397 2858 574 2918 timorosus
590 2858 666 2917 tiber
681 2863 767 2918 osset
783 2854 881 2928 omisi,
930 2912 933 2916 .

216 2939 284 3002 Nou
299 2943 393 3001 semel
408 2941 566 3002 admonitu
581 2943 661 3001 tuoto
674 2942 764 3001 litura
777 2945 830 3000 tuo
844 2945 902 3000 est.

175 3024 240 3086 Nos
256 3026 324 3086 torn
340 3025 481 3085 viderunt
495 3024 624 3100 paritor,
645 3040 703 3085 nos
724 3024 862 3099 porticus
877 3022 989 3096 omnis,

125 3113 161 3167 20
217 3108 280 3169 Nos
295 3109 361 3183 viu,
375 3124 434 3169 nos
451 3109 561 3169 iunctis
577 3125 671 3170 curva
684 3108 803 3168 theatro
816 3106 894 3168 louis

175 3191 314 3267 Denique
329 3198 430 3253 tuntus
447 3209 533 3254 amor
552 3193 657 3267 nobis,
679 3190 853 3263 carissime,
868 3204 1005 3267 semper,

217 3272 353 3350 Quantus
373 3277 403 3336 in
418 3276 555 3337 Aeneide
569 3275 795 3350 Nestorideque
809 3273 873 3336 tute

174 3357 240 3417 Nou
255 3373 329 3434 ego,
343 3359 370 3420 si
384 3359 507 3422 biberes
524 3375 652 3422 seeurne
672 3361 786 3435 poeula
800 3356 922 3432 Lethes,

215 3440 368 3503 Excidere
386 3443 465 3505 haee
480 3443 604 3506 medum
619 3457 745 3519 pectore
759 3455 855 3518 posse
870 3446 936 3502 tuo.
