2318 3960
100 206 159 278 tto
488 207 548 267 ux
568 179 716 269 rouro

130 376 163 430 15
176 367 239 425 Nec
253 364 313 424 nisi
329 362 412 439 quod
429 360 571 436 prodest,
587 375 691 420 carum
706 368 766 432 est,
783 369 827 434 et,
844 363 973 425 detrahe
986 362 1077 424 menti

222 448 316 524 Spem
330 448 447 508 tructus
461 444 585 518 avidae,
604 459 694 505 nemo
707 445 861 520 petendus
876 448 943 508 etit.

86 560 88 564 ·
180 539 222 595 At
235 533 350 592 reditus
364 531 425 591 iam
440 528 573 604 quisque
587 543 663 588 suos
678 535 772 603 amat,
791 535 821 589 et
839 530 898 591 sihi
913 532 990 606 quid
1003 532 1044 594 sit

221 616 316 689 Utile,
332 613 470 675 sollicitis
486 618 633 687 supputat
645 613 790 672 articulis.

180 701 259 760 Illud
275 697 425 758 amicitiae
443 696 598 770 quondam
611 696 789 756 venerabile
804 712 916 758 numen

130 803 166 855 20
220 785 341 844 Prostat
354 788 385 842 et
401 781 432 840 in
448 789 577 856 quaestu
592 796 649 855 pro
665 781 824 842 meretrice
840 783 938 844 sedet

182 870 247 944 Quo
265 866 362 942 magis
378 864 527 939 admiror,
543 879 618 937 non,
634 871 667 924 ut
679 866 863 927 torrentibus
877 867 983 941 undls,

223 951 397 1014 Communis
414 949 478 1011 vitii
495 956 524 1009 te
539 963 663 1023 quoque
680 951 749 1009 labe
762 950 851 1012 trahi.

181 1036 321 1112 Diligitur
335 1050 440 1109 nemo,
456 1032 515 1094 nisi
531 1033 580 1092 cui
595 1034 717 1094 senuna
730 1036 868 1096 secunde
882 1043 949 1098 esta
985 1062 988 1067 <

224 1120 308 1196 Quae
322 1119 412 1180 simul
427 1117 569 1191 intonuit,
587 1119 728 1193 proxima
743 1135 885 1196 quaeque
900 1121 995 1196 lugat

130 1217 164 1270 tt
178 1207 224 1265 En
239 1220 314 1280 ego,
336 1220 397 1264 non
412 1202 519 1279 paucis
535 1202 689 1277 quondam
704 1204 837 1266 munitus
857 1205 976 1278 amicis,

223 1291 301 1350 Dum
315 1286 400 1346 llavlt
414 1286 494 1347 velis
508 1301 583 1346 aum
598 1288 737 1348 secunda
751 1288 839 1363 meis,

181 1374 222 1435 Ut
236 1374 302 1433 iera
316 1371 458 1432 nimboso
473 1378 647 1433 tumuerunt
661 1387 799 1447 aequora
814 1379 917 1448 vento

224 1459 257 1516 ln
272 1456 383 1516 mediis
397 1457 500 1516 lacera
515 1470 594 1514 nave
610 1455 769 1531 relinquor
783 1457 883 1532 aquis.

183 1541 319 1614 Cumque
334 1540 384 1599 alii
399 1539 496 1598 nolint
510 1538 600 1599 etiam
615 1555 664 1600 me
677 1555 774 1600 nosse
787 1540 894 1616 videri,

132 1643 170 1696 30
226 1624 286 1683 Vix
302 1623 363 1682 duo
379 1622 517 1698 proiecto
532 1629 636 1684 tresve
651 1624 764 1685 tulistis
779 1640 881 1701 opem.

184 1709 317 1783 Quorum
340 1713 374 1766 tu
395 1706 551 1782 princeps.
592 1724 693 1783 neque
717 1708 797 1770 enim
820 1724 925 1770 cernes
948 1722 1038 1782 esse,
1060 1706 1112 1768 sed

761 1799 876 1868 auctor,

224 1878 286 1937 Nec
302 1882 406 1952 petere
421 1876 609 1951 exemplum,
626 1877 682 1935 sed
699 1877 773 1936 dure
790 1877 900 1953 dignus
916 1891 999 1939 eras.

183 1964 241 2034 Te,
258 1960 332 2020 nihil
348 1975 388 2020 ox
402 1969 488 2034 acto,
505 1959 564 2018 nisi
579 1976 640 2020 non
659 1975 810 2035 peccasse
826 1966 990 2037 petentem,

225 2044 342 2121 Sponte
359 2060 417 2104 sua
430 2042 571 2119 probitas
588 2044 785 2121 olllciumque
799 2044 892 2106 iuvat.
967 2084 970 2089 -

135 2131 169 2186 35
183 2130 287 2190 ludice
303 2136 333 2188 te
348 2128 489 2187 mercede
505 2133 589 2187 caret
605 2143 661 2203 per
677 2143 775 2203 seque
790 2128 923 2203 petenda
942 2134 992 2189 est

225 2211 369 2273 Externis
385 2212 483 2272 virtus
497 2210 672 2272 incomitata
687 2211 788 2272 bonis.

184 2300 285 2372 Turpe
301 2303 393 2370 putas
409 2293 503 2370 abici,
525 2295 597 2370 quia
611 2295 650 2355 sit
665 2294 875 2371 miserandus,
892 2293 1046 2370 amicum·

226 2378 376 2454 Quodque
393 2377 432 2439 slt
446 2379 565 2452 inlelix,
582 2379 726 2440 desinere
741 2394 814 2439 esse
830 2385 922 2441 tuum.

184 2463 287 2523 Mitius
303 2470 351 2522 est
367 2462 450 2523 lasso
467 2462 591 2537 digitum
606 2478 784 2539 supponere
799 2470 911 2536 mento,

135 2546 171 2599 40
226 2546 365 2622 Mergere
381 2562 472 2620 quam
485 2546 610 2622 liquidis
627 2562 681 2606 nra
695 2547 827 2608 natantis
843 2547 946 2623 aquis.

185 2631 296 2706 Cerne,
314 2631 386 2705 qrrtd
402 2631 556 2690 Aeacides
575 2638 789 2706 postmortem
805 2638 945 2706 praestet
959 2630 1075 2692 amicat

225 2715 326 2776 Instar
340 2722 371 2774 et
386 2715 466 2775 hanc
480 2714 574 2774 vitam
588 2716 694 2777 mortis
709 2714 824 2775 hahere
837 2722 920 2791 puta.

182 2799 348 2860 Pirithoum
364 2799 503 2860 Theseus
520 2797 645 2877 Stygias
661 2798 816 2861 comitavit
830 2799 869 2859 ad
885 2799 1006 2861 undosa

222 2885 251 2942 Α
266 2881 376 2962 Stygia
389 2888 537 2957 quantum
553 2899 622 2942 sors
637 2899 706 2945 meu
720 2883 812 2943 distat
826 2890 929 2958 aqua?

133 2978 167 3029 45
181 2967 288 3028 adluit
303 2967 412 3027 insano
427 2965 548 3027 iuvenis
562 2966 704 3027 Phoceus
721 2966 865 3028 Orestae=

224 3051 263 3111 Et
277 3066 346 3111 mea
361 3066 423 3112 non
437 3049 594 3110 minimum
609 3053 701 3126 culpa
715 3051 831 3112 luroris
845 3051 946 3111 habet

180 3136 226 3195 'lu
242 3151 368 3211 quoque
380 3149 560 3209 magnorum
577 3134 686 3195 laudes
700 3134 826 3195 admitte
842 3135 987 3207 virerum,

225 3219 327 3293 thue
342 3219 435 3292 lacis,
453 3219 542 3295 lapso
559 3234 651 3293 quam
668 3226 777 3294 potes,
792 3216 872 3278 aller
887 3232 990 3295 opem.

187 3300 314 3362 sibene
330 3310 359 3363 tc
373 3302 461 3375 novi,
478 3303 605 3379 siquod
624 3303 711 3378 prius
728 3316 801 3363 esse
814 3301 951 3376 solonas,

138 3392 173 3444 ao
226 3385 313 3445 Nunc
331 3401 456 3460 quoque
471 3401 522 3461 es,
541 3393 634 3461 atque
649 3385 741 3447 animi
756 3400 819 3446 non
837 3385 980 3446 cecidere
992 3384 1047 3462 tui,

187 3466 253 3544 Quo
270 3469 393 3530 fortune
407 3470 506 3544 magis
523 3468 636 3542 saeuit,
654 3469 752 3544 magis
768 3469 838 3545 ipse
850 3467 982 3541 resistis,
