2318 3960
98 217 160 282 1³2
494 216 554 277 EX
579 215 725 277 ΡΟΝΤΟ

131 380 166 432 20
221 369 359 444 cumque
374 367 450 428 meis
465 367 599 427 lacrimis
614 366 736 427 miscuit
750 383 850 443 usque
864 382 953 429 suos.

182 453 221 514 Ol
245 453 388 529 quotiens
402 451 483 511 vitae
498 459 603 512 custos
618 451 737 511 invisus
753 467 878 511 amarae

219 537 374 599 Continuit
387 543 546 610 promptas
561 535 592 594 in
606 550 674 594 mea
689 535 750 595 lata
765 543 891 596 manus!

179 620 218 680 0!
240 621 381 696 quotiens
397 618 481 692 dixit,
505 618 677 693 ‘placabilis
692 618 738 678 ira
752 619 881 679 deorum
894 625 954 680 est.

220 705 308 778 Vive,
331 718 389 763 nec
402 703 520 777 ignosci
535 709 567 761 tu
580 702 634 761 tibi
649 717 744 777 posse
759 706 861 777 nega?

131 797 165 851 ῦὸ
179 790 251 848 Vox
266 794 367 848 tomen
381 786 432 845 illa
447 785 501 844 luit
519 786 724 858 celeberrima,
747 786 890 861 ‘respice
911 795 1056 862 quantum

220 871 337 931 Debeat
350 870 497 931 auxilium
510 868 662 929 Maximus
678 884 750 930 esse
765 869 841 930 tibi?

177 954 328 1015 Maximus
343 953 505 1023 incumbet,
529 967 652 1028 quaque
667 960 715 1014 est
728 954 848 1028 pietate,
871 953 1001 1031 rogabit,

218 1038 263 1098 Nc
277 1038 316 1099 sit
330 1037 370 1097 ad
385 1044 553 1098 extremum
569 1037 710 1097 Caesaris
724 1038 770 1097 ira
784 1044 887 1097 tenax.
975 1042 978 1047 '

182 1122 317 1198 Cumque
332 1121 398 1182 suis
413 1120 514 1180 fratris
528 1121 610 1180 vires
626 1120 791 1195 adhibebit,
815 1127 846 1181 et
859 1136 992 1196 omnem,

130 1215 166 1268 30
221 1206 286 1280 Quo
301 1205 401 1265 levius
416 1205 533 1275 doleas,
557 1205 731 1279 experietur
746 1207 858 1279 opem!

178 1291 261 1350 Haec
276 1289 348 1350 mihi
363 1288 457 1349 verba
470 1290 568 1348 malae
583 1288 755 1349 minuerunt
767 1288 870 1349 taedia
884 1287 976 1350 vitae.

220 1373 303 1449 Quae
317 1380 350 1434 tu
364 1389 403 1432 ne
419 1373 536 1444 luerint,
557 1372 700 1446 Maxime,
721 1388 802 1433 vana
816 1387 904 1432 cave.

178 1457 244 1518 Huc
259 1472 383 1532 quoque
397 1463 557 1516 venturum
570 1455 642 1515 mihi
657 1471 693 1517 se
707 1456 809 1518 iurare
822 1456 952 1531 solebat,

218 1541 284 1600 Non
300 1541 359 1600 nisi
373 1546 403 1601 te
417 1541 526 1615 longae
541 1541 588 1599 ius
603 1540 661 1600 sibi
676 1540 767 1600 dante
779 1540 858 1601 viae.

130 1631 164 1685 35
177 1625 253 1684 Nam
266 1630 319 1685 tua
332 1639 393 1683 non
409 1623 469 1683 alio
484 1624 578 1684 coluit
592 1624 759 1699 penetralia
772 1624 839 1696 ritu,

220 1709 380 1767 Terrarum
394 1707 536 1768 dominos
552 1723 642 1783 quam
661 1707 737 1767 colis
752 1708 821 1783 ipse
835 1707 923 1768 deos.

181 1790 279 1851 Crede
293 1790 374 1863 mihi,
397 1792 508 1851 multos
523 1791 638 1850 habeas
655 1808 723 1851 cum
738 1792 849 1867 dignus
863 1792 991 1866 amicos,

217 1874 284 1935 Non
300 1874 355 1934 luit
369 1890 387 1933 e
401 1874 502 1935 multis
518 1874 654 1949 quolibet
667 1877 717 1935 ille
732 1875 839 1936 minor.

182 1957 214 2019 Si
229 1958 322 2019 modo
337 1973 399 2018 non
415 1973 527 2019 census
542 1974 599 2017 nec
614 1960 728 2018 clarum
743 1974 854 2020 nomen
870 1974 1009 2035 avorum,

132 2051 167 2104 lo
221 2041 283 2103 Sed
299 2042 435 2118 probitas
449 2058 578 2117 magnos
593 2041 808 2118 ingeniumque
822 2043 903 2103 iacit.

180 2127 248 2186 lure
262 2126 353 2202 igitur
366 2126 507 2187 lacrimas
523 2125 613 2187 Celso
628 2126 757 2187 libamus
772 2127 927 2202 adempto,

221 2211 294 2271 Cum
309 2211 453 2285 lugerem,
475 2210 546 2270 vivo
563 2226 641 2285 quas
657 2210 740 2270 dedit
754 2211 805 2271 ille
818 2210 907 2271 mihi:

181 2294 319 2355 Carmina
334 2293 400 2353 iure
415 2294 523 2354 damus
538 2310 626 2354 raros
640 2293 783 2354 testantia
797 2310 909 2371 morea,

222 2377 261 2438 Ut
274 2383 326 2437 tua
338 2379 457 2438 venturi
470 2378 602 2449 nomina,
626 2376 722 2450 celse,
745 2378 856 2454 legant

133 2473 167 2525 45
182 2462 247 2521 Hoc
263 2467 318 2536 est,
342 2461 425 2534 quod
439 2462 557 2536 possim
574 2461 685 2522 Geticis
700 2461 753 2521 tibi
768 2462 886 2523 mittere
899 2460 939 2523 ab
953 2460 1035 2522 arvis

222 2545 289 2605 Hoc
303 2544 403 2605 solum
418 2553 473 2619 est
497 2546 565 2606 istic
580 2546 663 2619 quod
678 2546 774 2621 liquet
788 2561 860 2606 esse
873 2561 984 2611 meum.

180 2628 300 2689 Funera
314 2644 375 2688 non
390 2629 475 2705 potui
490 2631 642 2701 comitare,
664 2645 722 2689 nec
737 2645 852 2705 ungere
866 2644 999 2706 corpure

222 2714 313 2788 Aque
326 2712 386 2773 tuis
401 2720 465 2773 toto
481 2713 603 2773 dividor
619 2711 693 2773 orbe
707 2714 801 2788 rogis.

184 2797 240 2871 Qui
254 2797 359 2872 potuit,
382 2813 472 2872 quem
487 2804 519 2858 tu
533 2813 588 2872 pro
604 2797 727 2856 numine
743 2798 830 2857 vivus
845 2796 995 2872 habebas,

134 2890 168 2941 50
223 2880 373 2941 Praestitit
387 2881 521 2942 cilicium
534 2880 685 2941 Maximus
702 2897 792 2941 omne
805 2880 868 2941 tibi.

182 2965 235 3023 llle
249 2964 303 3024 tibi
319 2964 466 3039 exequias
482 2972 512 3025 et
527 2964 628 3039 magni
643 2965 734 3025 ianus
748 2964 876 3026 honoris

222 3048 314 3122 Fecit,
336 3055 366 3109 et
380 3049 409 3108 in
424 3049 544 3125 gelidos
559 3048 653 3108 versit
668 3065 788 3109 amoma
802 3050 900 3123 sinuS,

182 3131 275 3191 Diluit
289 3139 318 3192 et
332 3133 463 3193 lacrimis
478 3148 618 3193 maerens
632 3140 787 3206 unguenta
802 3131 949 3216 profusis,

226 3214 367 3290 Ossaque
380 3217 482 3277 vicina
497 3216 620 3277 condita
634 3217 709 3276 texit
721 3217 826 3276 humo.

134 3306 167 3360 55
184 3298 239 3372 Qui
254 3301 399 3373 qnoniam
414 3300 565 3372 extinctis,
588 3315 667 3376 quae
682 3300 782 3373 debet,
805 3295 1061 3376 praestatamicir

221 3382 259 3441 Et
272 3398 329 3443 nos
344 3384 484 3445 extinctis
499 3383 699 3445 adnumerare
714 3391 824 3460 potest.

504 3527 708 3539 -—----0
