2318 3960
98 199 159 267 272
413 234 416 238 ⁴
476 201 499 259 F
504 199 729 262 ASTORUM

220 353 341 429 Proque
356 369 414 414 suo
427 368 522 414 eausa
537 353 669 430 quisque
684 352 816 415 disertus
828 360 904 414 erat.

180 437 262 497 Mille
276 452 332 512 per
346 435 425 497 hano
439 443 521 496 artes
535 445 644 508 motae,
668 437 832 512 studioque
846 437 993 512 placendi

223 520 306 594 Quae
320 520 437 580 latuere
451 521 551 596 prius,
569 522 663 580 multa
676 527 797 595 reperta
810 521 921 582 ruunt

116 614 165 666 iio
180 604 265 663 Hono
280 604 444 679 quisquam
458 604 544 665 titulo
558 604 673 663 mensis
689 603 824 678 spoliare
838 606 970 666 secundi

219 688 362 749 Audeat?
383 686 505 747 anobis
522 687 562 746 sit
576 687 660 747 iuror
673 687 732 747 iste
746 689 865 763 procui.

179 770 266 845 Quid,
275 771 360 846 quod
367 770 596 846 ubiquepotens
603 769 786 846 templisque
792 772 1004 846 frequentibus
1012 789 1064 836 aut

219 853 301 916 Urbe
316 861 416 914 tamen
431 861 535 914 nostra
550 854 598 915 ius
612 854 673 914 dea
685 855 783 915 maius
801 855 903 916 habet.

178 936 235 997 Pro
249 937 347 1011 Troia,
362 938 508 1012 Romane,
525 944 576 997 tua
590 939 696 996 Venus
710 953 796 997 arma
809 937 936 1012 terebat,

115 1031 162 1084 iio
217 1021 290 1082 Cum
304 1021 417 1096 gemuit
430 1028 564 1082 teneram
579 1021 709 1095 cuspide
723 1021 809 1082 laesa
822 1038 959 1083 manuue

179 1107 395 1180 Caelestesque
408 1105 485 1166 duas
500 1105 630 1165 Troiano
646 1104 746 1165 iudice
762 1105 843 1166 aicit

218 1192 260 1249 A!
282 1189 376 1249 nolim
390 1189 487 1249 victas
504 1187 564 1249 hoo
577 1188 753 1248 meminisse
768 1189 860 1249 deas:

178 1273 384 1346 Assaracique
403 1289 496 1333 nurus
511 1272 592 1332 diota
607 1277 662 1344 est,
685 1279 718 1331 ut
732 1272 849 1332 seilicet
864 1270 937 1332 olim

218 1358 348 1431 Magnus
362 1356 463 1416 Iuleos
478 1355 592 1416 Caesar
605 1354 731 1415 haberet
745 1371 832 1415 avos.

115 1449 164 1502 125
181 1441 243 1501 Neo
256 1440 369 1500 Veneri
385 1445 516 1514 tempus,
540 1454 632 1513 quam
646 1454 709 1513 ver,
732 1444 798 1498 erat
811 1439 913 1515 aptius
927 1439 1033 1500 uitam.

218 1526 299 1583 Vere
313 1523 408 1582 nitent
422 1530 528 1597 terrae,
550 1537 625 1582 vere
639 1521 788 1584 remissus
803 1537 888 1597 ager.

177 1608 264 1668 Nunc
279 1605 391 1666 herbae
404 1614 495 1681 rupta
508 1606 616 1666 tellure
630 1606 788 1666 eacumina
800 1606 924 1667 tollunt:

218 1690 303 1750 Nune
323 1689 436 1749 tumido
451 1704 586 1763 gemmas
602 1689 715 1749 cortice
730 1690 849 1765 palmes
864 1688 935 1764 agit.

176 1775 214 1834 Et
227 1775 364 1834 formosa
377 1772 484 1833 Venus
500 1773 635 1833 iormoso
651 1781 789 1848 tempore
804 1773 896 1848 digna
911 1781 966 1845 esi,
983 1837 986 1842 ,

114 1867 161 1919 130
214 1859 314 1931 thue
329 1856 420 1929 solet,
442 1855 529 1916 Marti
544 1856 719 1917 continuata
733 1872 802 1918 suo.

177 1942 258 2001 Vere
273 1946 375 2001 monet
388 1954 499 2002 curvas
514 1946 650 2000 materna
667 1955 723 2016 per
737 1955 873 2015 aequora
888 1955 1012 2017 puppes

216 2026 344 2098 ire„nee
357 2021 500 2082 hibernas
516 2022 576 2083 iarn
590 2023 728 2084 timuisse
743 2025 851 2085 minas.

413 2154 441 2216 1.
464 2155 533 2215 ca·
549 2155 780 2237 irrorare]

177 2276 244 2336 Rite
261 2276 350 2335 deam
365 2274 467 2334 Latiae
482 2274 580 2334 colitis
596 2281 771 2349 matresque
788 2292 955 2354 nurusque,

214 2359 252 2418 iit
266 2373 334 2430 vos,
356 2357 424 2432 quis
441 2357 532 2417 vittae
547 2358 701 2432 longaque
715 2361 812 2420 vestis
827 2359 925 2419 abest.

113 2451 160 2506 iao
175 2443 278 2503 Aurea
292 2455 461 2501 marmoreo
476 2440 654 2501 redimicula
668 2443 778 2503 solvite
793 2444 883 2516 colio,
950 2462 954 2467 ·

216 2523 333 2586 Demite
348 2523 479 2585 divitias.
508 2531 571 2584 tota
585 2526 717 2586 lavanda
732 2527 791 2586 dea
805 2533 862 2587 esi.
959 2544 965 2552 ·

174 2610 277 2670 Aurea
291 2609 406 2669 siccato
421 2607 600 2670 redimicula
614 2609 733 2669 reddite
747 2611 843 2671 oolio=

216 2692 300 2753 Nune
317 2691 367 2752 alii
382 2691 492 2766 flores,
512 2707 689 2753 nuncnova
704 2693 806 2754 danda
820 2709 894 2754 rosa
908 2702 965 2754 est.

174 2778 241 2837 Vos
257 2791 381 2852 quoque
395 2774 453 2836 sub
469 2775 557 2835 viridi
573 2781 672 2850 myrto
689 2774 773 2838 iubet
785 2778 856 2853 ipsa
869 2777 981 2837 lavari=

110 2868 159 2922 iio
213 2860 390 2934 Causaque,
415 2875 468 2919 our
482 2857 618 2933 iubeat,..
639 2858 783 2920 discitet.
799 2868 881 2921 certa
896 2858 1011 2922 subest

173 2943 274 3004 Litore
290 2941 426 3004 siccabat
439 2949 578 3002 rorantes
593 2942 677 3002 nuda
691 2943 836 3019 capilios=

214 3026 363 3086 Viderunt
379 3026 490 3105 satyri,
512 3025 599 3086 turba
613 3033 771 3103 proterva,
788 3029 887 3088 deam.

174 3109 291 3183 Sensit,
314 3116 343 3170 et
358 3109 501 3186 opposita
516 3109 590 3170 texit
604 3125 661 3169 sua
676 3125 808 3186 corpora
819 3117 931 3192 myrto.

212 3196 287 3253 Tuta
302 3193 356 3253 iuit
370 3195 459 3269 iacto,
483 3208 603 3267 vosque
616 3194 731 3253 referre
745 3194 838 3257 iubet.

112 3284 160 3339 145
174 3276 288 3336 Discite
303 3293 398 3351 nuno,
414 3291 508 3352 quare
521 3275 674 3339 Fortunae
687 3282 755 3339 iura
772 3280 856 3340 Viriii

214 3358 298 3419 Datis
314 3375 361 3435 eo,
376 3361 476 3421 calida
491 3360 542 3436 qui
557 3361 644 3422 locus
660 3370 743 3423 umet
757 3380 846 3440 aqua.

172 3441 293 3519 Accipit
307 3441 357 3502 iiie
372 3445 458 3505 loeus
475 3446 578 3522 posito
593 3443 744 3507 velamina
760 3453 896 3523 cunetas,
931 3524 942 3544 .
