2318 3960
437 204 466 278 i,
489 201 667 266 475-550.

123 359 198 422 Este
212 357 304 421 bonis
319 356 429 418 avibus
444 358 503 417 visi
517 365 652 431 natoque
669 354 814 434 mihique,

62 499 67 505 .
167 444 313 521 Ripaque
326 441 406 501 ielici
420 448 501 502 tacta
515 442 555 502 sit
567 442 627 501 ista
640 441 735 515 pedet

54 539 107 590 515
123 529 243 601 Fallor,
263 543 303 588 an
318 525 349 585 hi
364 526 438 586 fient
451 525 584 599 ingentia
599 525 721 586 moenia
735 524 840 597 colles,

169 613 302 686 luraque
317 608 355 668 ab
376 609 434 668 hac
448 617 531 669 terra
545 616 648 669 cetera
661 615 742 667 terra
756 615 859 682 petetr

126 692 284 756 Montibus
301 693 350 752 his
368 692 440 753 olim
456 700 538 753 totus
552 691 736 768 promittitur
752 691 846 752 orbis.

171 778 246 853 Quis
262 784 377 838 tantum
392 777 446 836 tati
460 776 567 837 credat
580 776 695 835 habere
709 776 833 836 locum?

126 863 164 923 Et
177 864 239 922 iam
252 860 426 923 Dardaniae
445 867 571 935 tangent
584 860 662 920 haec
675 859 765 919 litora
785 858 887 933 pinus.

54 955 105 1008 550
163 947 220 1005 Η15
241 958 365 1020 quoque
379 959 475 1004 causa
488 944 562 1005 novi
576 946 689 1004 femma
702 943 807 1003 martis
822 944 886 1003 erit.

126 1031 203 1091 Care
217 1043 331 1104 nepos,
346 1025 444 1100 Palla,
461 1028 583 1088 funeste
597 1027 672 1102 quid
686 1027 789 1087 induis
805 1034 909 1085 arma?

167 1113 276 1174 Indue!
292 1128 354 1172 non
369 1112 474 1172 humili
488 1111 610 1171 vindice
625 1127 735 1170 caesus
747 1110 819 1169 eris.

128 1198 216 1258 Victa
231 1204 332 1256 tamen
349 1195 470 1270 vinces,
492 1210 665 1269 eversaque
680 1195 769 1255 Troia
783 1208 944 1268 resurges=

19 1314 31 1353 2.
169 1279 273 1340 Obruit
292 1279 420 1339 hostiles
435 1278 495 1340 ista
506 1280 596 1339 ruina
610 1280 730 1339 domos.

53 1364 206 1427 55511555
222 1363 363 1424 victrices
378 1362 530 1438 Neptunia
543 1362 691 1437 Pergama
708 1361 865 1422 iiarnmae!

13 1406 34 1556 ι
169 1448 248 1508 Num
261 1446 361 1507 minus
376 1447 426 1507 hio
443 1453 505 1507 toto
522 1455 569 1508 cst
584 1447 672 1508 altior
687 1446 761 1506 orbe
776 1444 875 1505 cinis‘t

125 1533 189 1592 lam
206 1531 276 1606 pius
290 1531 414 1591 Aeneas
430 1547 521 1591 secra
535 1539 579 1606 et,
595 1547 686 1591 sacra
700 1530 807 1604 altera,
829 1536 947 1604 patrem

168 1616 312 1675 Auferet:
330 1615 442 1676 Iliacos
458 1615 573 1689 accipe,
587 1615 692 1687 Vesta,
710 1614 797 1674 deos.

124 1702 260 1774 Tempus
276 1699 347 1774 erit,
370 1714 440 1760 cum
458 1713 517 1758 vos
538 1698 706 1773 orbemque
720 1696 853 1759 tuebitur
866 1696 956 1768 idem,

17 1796 31 1892 Ι
54 1793 106 1848 530
163 1783 201 1842 Et
215 1783 289 1843 fient
302 1783 371 1858 ipso
387 1798 477 1842 sacra
492 1782 611 1843 colente
630 1783 705 1842 deo:

24 1898 31 1928 .‹
124 1867 163 1927 Et
177 1881 274 1942 pones
288 1868 447 1940 Augustos
462 1866 578 1940 patriae
592 1867 687 1929 tutela
701 1864 843 1925 manebit.

167 1951 254 2010 Hanc
269 1951 319 2010 ias
331 1949 450 2024 imperii
464 1951 551 2009 irena
565 1955 670 2009 tenere
689 1949 822 2010 domum.

20 2034 34 2123 1
125 2036 202 2095 lnde
217 2049 316 2108 nepos
333 2041 485 2108 natusque
500 2033 565 2104 dei,
587 2032 657 2092 licet
670 2034 738 2107 ipse
753 2039 882 2103 rccuset

168 2118 321 2183 Pondere*
331 2117 457 2176 caelesti
471 2123 572 2176 mente
585 2124 713 2191 paterna
732 2116 817 2176 seret.

58 2212 108 2266 535
124 2203 227 2278 thue
242 2217 300 2275 ego
315 2198 474 2276 perpetuis
487 2199 558 2260 olim
573 2201 719 2260 sacrabor
733 2199 764 2258 in
778 2199 850 2272 aris,

170 2285 222 2346 Sic
235 2286 376 2360 Augusta
390 2300 504 2346 novum
519 2283 596 2345 Iulia
609 2298 720 2345 numen
735 2283 813 2343 erit’

125 2369 250 2431 Talibus
265 2377 299 2429 ut
315 2367 404 2428 dictis
425 2375 549 2428 nostros
565 2368 725 2428 descendit
738 2368 768 2426 in
784 2383 893 2443 annos,

170 2452 310 2514 Substitit
322 2451 354 2512 in
370 2451 490 2511 medios
505 2451 646 2525 praescia
660 2453 763 2526 lingua
778 2467 884 2512 sonos.

29 2535 31 2551 ¹
126 2536 287 2613 Puppibus
302 2551 449 2610 egressus
463 2535 550 2594 Latia
565 2535 647 2595 stetit
660 2537 731 2594 exul
746 2536 776 2594 in
790 2535 896 2596 herba.

29 2596 112 2684 'sio
168 2621 269 2694 renx,
285 2618 409 2680 exartum
425 2618 574 2678 antiocus
590 2619 641 2678 me
657 2620 725 2678 555

29 2720 32 2761 ι
127 2705 190 2765 Ν55
208 2720 296 2764 nrora
309 2705 402 2778 longa
415 2703 478 2764 fuit.
509 2703 631 2763 stabant
645 2718 727 2762 nova
742 2709 830 2776 tecta,
845 2718 948 2778 neque
963 2703 1037 2762 a'ter

29 2799 33 2831 t
168 2787 325 2849 Montibus
338 2787 486 2848 Ausoniis
505 2786 627 2846 Arcade
642 2786 739 2846 maior
753 2793 826 2845 erat.

126 2873 209 2934 11555
223 2873 321 2933 boves
337 2871 409 2932 iiiuc
422 2871 609 2948 Erytheidas
624 2869 758 2943 applicat
771 2868 864 2930 heros

28 2930 31 2996 ⁸
169 2957 322 3017 Emensus
337 2955 420 3030 longi
435 2955 569 3030 claviger
583 2952 667 3014 orbis
687 2954 752 3014 iter.

28 3054 31 3135 t
59 3049 108 3102 515
123 3043 265 3116 Dumque
280 3040 351 3100 huic
366 3039 533 3113 hospitium
549 3040 658 3100 domus
675 3046 722 3097 est
732 3038 879 3111 Tegeaea,
896 3046 1041 3112 vagantur

169 3125 376 3185 incustoditae
389 3123 470 3182 15515
483 3138 539 3197 per
555 3139 630 3183 arva
645 3122 751 3182 boves.

27 3238 31 3284 t
126 3209 218 3269 Mane
233 3215 307 3269 erat.
342 3222 494 3270 excussus
510 3221 619 3267 somno
632 3205 807 3284 Tirynthius
825 3214 911 3266 actor

169 3293 216 3353 Dc
230 3309 357 3354 numero
375 3299 480 3354 muros
495 3289 586 3351 sentit
600 3288 712 3350 abesse
727 3291 816 3351 duos.

53 3418 61 3431 „
127 3377 216 3438 Nulla
230 3376 315 3437 videt
330 3391 481 3452 quaerens
496 3373 578 3434 taciti
592 3373 722 3447 vestigia
736 3374 821 3434 furti:

59 3471 109 3522 555
164 3461 312 3522 Traxerat
326 3475 455 3521 aversos
471 3458 569 3520 Cacus
584 3458 614 3517 in
631 3464 717 3517 antra
733 3458 829 3519 ieros=
