2318 3960
485 210 712 275 TRISTIUM

225 370 319 444 Quem
334 383 403 438 mea
418 364 554 438 calliope
569 363 706 435 laeserit,
725 378 806 422 unus
822 378 891 439 ego.

184 454 248 514 Non
265 453 355 529 igitur
370 449 485 512 nostris
502 448 596 508 ullum
610 447 747 521 gaudere
761 445 905 519 Quiritem

118 543 170 601 tio
225 537 384 612 Auguror,
402 542 432 595 at
448 532 560 593 multos
576 529 748 590 indoluisse
767 531 871 602 malis;

183 622 246 680 Nec
264 621 337 680 mihi
360 617 506 679 credibile
523 621 586 688 est,
611 629 796 688 quemquam
811 614 980 678 insultasse
994 616 1113 692 iacenti,

225 705 328 765 Gratia
343 701 468 763 candori
483 701 510 762 si
530 715 592 774 qua
606 699 703 758 relata
716 713 785 758 meo
802 706 859 759 est.

183 789 253 864 His,
274 802 400 863 precor,
416 793 508 861 atquc
523 783 590 844 aliis
606 781 730 858 possint
741 788 794 842 tua
808 785 932 846 numina
946 785 1043 863 flecti,
1058 781 1060 788 '

226 870 250 931 0
264 878 366 947 pater,
388 887 406 931 o
422 869 540 946 patriae
555 883 629 929 cura
644 867 792 941 salusque
807 874 893 928 tuae:

116 965 169 1020 ⁶75
184 958 250 1016 Non
265 961 299 1016 ui
312 955 343 1014 in
358 953 529 1015 Ausoniam
544 953 684 1023 redeant,
700 949 760 1010 nisi
775 951 904 1013 forsitan
920 953 1001 1032 olim,
1118 1004 1122 1014 .

222 1040 296 1100 Cum
312 1041 405 1114 longo
422 1054 541 1114 poenae
556 1045 693 1111 tempore
708 1036 808 1096 victus
825 1035 898 1097 eris.

179 1124 283 1184 Tutius
299 1123 422 1187 exilium
439 1125 597 1199 pauloque
612 1119 745 1196 quietius
761 1136 826 1193 oro,

183 1263 185 1267 .
223 1208 262 1269 Ut
277 1223 335 1282 par
352 1207 462 1268 delicto
480 1207 519 1267 sit
532 1221 601 1265 mea
615 1221 717 1280 poena
732 1219 800 1265 suo.

390 1475 538 1555 ttulit
582 1473 817 1556 TERTIUS·

121 1594 160 1690 l.
181 1592 318 1689 ‘Missus
334 1629 364 1687 n
379 1629 460 1688 nanc
479 1629 571 1689 venio
587 1629 705 1703 timide,
725 1629 802 1689 uter
816 1630 932 1702 exutis,
949 1627 1073 1689 neunt

221 1714 267 1772 Da
282 1712 435 1787 placidam
450 1711 551 1786 lesse,
568 1711 664 1773 lector
678 1712 790 1788 amice,
806 1728 939 1774 manum.

180 1797 263 1855 Neve
277 1794 459 1869 reformida,
476 1810 515 1855 ne
530 1793 588 1856 sim
603 1795 656 1857 tibi
671 1796 750 1857 lorte
769 1797 896 1873 pudoris

222 1879 329 1939 Nullus
345 1879 376 1938 in
391 1879 450 1939 hae
465 1878 571 1940 charia
586 1895 697 1940 versus
712 1896 815 1941 amare
830 1882 929 1943 docet.

152 1963 246 2024 5Nec
262 1962 376 2022 domini
392 1965 515 2024 fortuna
527 1964 587 2023 mei
603 1970 664 2036 est,
683 1972 716 2025 ut
731 1963 843 2025 debeat
856 1963 937 2024 illam

221 2047 330 2107 Infelix
344 2047 415 2108 ullis
431 2046 624 2108 dissimulare
638 2047 725 2108 iocis.

180 2130 215 2190 ld
230 2146 369 2205 quoque,
387 2130 470 2205 quod
484 2131 575 2191 viridi
592 2131 748 2204 quondam
763 2132 843 2191 male
856 2132 929 2193 lusit
944 2133 975 2192 in
989 2146 1079 2207 aevo,

220 2214 289 2275 Heu
304 2214 425 2273 nimium
444 2228 515 2273 sero
530 2215 655 2274 damnat
669 2220 699 2274 et
714 2215 779 2276 odit
794 2231 884 2291 opus.

181 2298 305 2372 inspice
322 2297 396 2371 quid
410 2302 538 2370 portem.
576 2297 649 2357 nihil
662 2297 713 2358 hic
728 2298 788 2359 nisi
804 2299 891 2359 triste
905 2299 1038 2372 videbis,

137 2392 168 2443 to
224 2380 362 2441 Carmine
378 2379 566 2455 temporibus
583 2381 784 2443 conveniente
800 2383 875 2444 suis.

180 2464 296 2524 clauda
310 2463 394 2537 quod
409 2463 527 2523 alterno
544 2464 708 2526 subsidunt
725 2467 860 2527 carmina
874 2483 978 2542 versu,

219 2547 278 2606 Vel
294 2545 383 2621 pedis
397 2545 458 2607 hoc
471 2546 566 2623 ratio,
580 2550 630 2608 vel
646 2549 697 2610 via
710 2550 803 2624 longa
816 2551 902 2610 lacit:
934 2579 938 2584 =

179 2630 266 2705 Quod
287 2643 387 2705 neque
403 2647 472 2692 surn
488 2631 582 2692 cedro
599 2631 701 2693 flavus
717 2648 774 2692 neo
790 2633 912 2709 pumice
926 2633 1016 2709 levis,

210 2712 332 2798 ‘Erubui
351 2713 475 2776 domino
492 2717 600 2776 cultior
614 2731 688 2776 esse
702 2733 781 2778 meo.
1016 2781 1017 2784 ,

131 2809 164 2860 15
178 2798 291 2857 Littera
306 2795 443 2858 suffusas
459 2800 543 2873 quod
557 2798 650 2860 habet
665 2802 825 2862 maculosa
837 2802 954 2874 lituras,

209 2880 323 2957 ¹Laesil
336 2898 417 2956 opus
433 2881 566 2943 lacrimis
584 2883 653 2958 lpse
670 2892 763 2959 poeta
778 2902 877 2946 suum.

179 2965 274 3039 Siqua
290 2964 474 3026 videbuntur
488 2982 562 3028 casu
575 2984 636 3027 non
657 2968 740 3029 dicta
752 2969 867 3040 Latine,

216 3049 250 3108 ln
266 3064 328 3122 qua
342 3049 510 3124 scribebat,
525 3050 660 3112 barbara
675 3058 756 3113 terra
771 3053 835 3113 luit.

177 3131 289 3208 Dicite,
309 3130 457 3210 lectores,
478 3136 505 3195 si
523 3152 585 3195 non
600 3152 710 3211 grave,
727 3153 788 3211 qua
803 3135 843 3198 sit
857 3136 998 3209 eundum,

130 3224 165 3276 no
219 3215 363 3291 Quasque
376 3225 479 3293 petam
495 3219 589 3280 sedes
603 3219 722 3295 hospes
742 3220 771 3278 in
786 3221 869 3282 Urbe
883 3218 983 3281 liber!

177 3299 259 3359 Haec
282 3297 335 3357 ubi
346 3318 414 3362 sum
430 3303 529 3363 lurtim
544 3303 648 3378 lingua
662 3303 809 3365 titubante
823 3306 953 3378 loeutus,

209 3376 265 3449 Qut
287 3381 358 3442 mihi
373 3392 569 3459 monstraret,
585 3387 636 3446 vix
652 3387 708 3448 luit
720 3403 816 3464 unuS,
837 3387 902 3448 iter.

175 3467 221 3525 ‘Di
237 3467 289 3526 tibi
306 3468 392 3541 deul,
411 3474 517 3529 nostro
534 3471 617 3546 quod
633 3487 693 3530 non
708 3471 976 3548 tribuerepoetae,
