2318 3960
97 208 161 274 ³22
475 207 731 271 FAsrottttttt

116 374 168 427 hit
182 363 342 437 Primaque
359 378 430 439 pars
446 360 538 420 huius
553 361 693 421 thalamis
709 362 808 422 atiena
822 371 944 438 reperta
959 371 1017 426 est.

224 446 299 507 Nam
314 446 387 505 mihi
403 446 448 506 sic
462 445 596 504 coniunx
610 452 718 506 saneta
731 444 827 507 Dialis
842 447 898 506 ait=

182 533 300 594 ‘Donec
315 528 353 591 ab
369 530 461 590 Iliaca
476 528 618 605 placidus
632 529 814 604 purgamina
827 529 926 593 Veste

224 615 371 675 Detulerit
385 612 476 674 flavis
491 613 521 671 in
536 628 621 673 mare
633 612 765 690 Thybris
780 613 880 688 aquis,

182 699 249 759 Non
264 698 338 758 mihi
353 699 485 759 detonso
502 696 602 756 crines
619 697 783 772 depectere
797 695 891 770 buxo,

116 785 169 841 230
225 783 291 841 Non
306 797 424 857 ungues
444 781 524 841 lerro
541 779 742 842 subsecuisse
761 779 845 840 licet=

181 867 249 927 Non
263 864 401 940 tetigisse
415 865 529 940 virum,
544 864 684 939 quamvis
698 865 782 927 Iovis
797 865 848 925 ilie
862 866 1023 941 sacerdos,

226 948 369 1023 Quamvis
385 948 590 1026 perpetua'sit
603 948 675 1009 mihi
689 951 757 1024 lege
772 949 873 1013 datus.

182 1035 227 1095 Tu
243 1048 368 1110 quoque
382 1049 422 1094 ne
437 1047 581 1110 propera
610 1033 718 1093 melius
733 1040 785 1093 tua
798 1032 862 1096 titia
876 1034 978 1109 nubet,

225 1119 318 1193 Ignea
333 1133 402 1178 cum
420 1134 498 1193 pura
511 1116 609 1178 Veste
624 1117 729 1178 nitebit
742 1116 858 1177 humo!

554 1247 582 1312 7.
610 1250 667 1311 FN

120 1381 171 1438 tte
186 1371 286 1433 Tertia
301 1375 375 1446 post
387 1369 493 1430 Nonas
507 1384 668 1433 removere
682 1372 830 1448 Lycaona
842 1370 969 1433 Phoebe

226 1454 349 1528 Fertur,
367 1461 397 1514 et
411 1469 429 1513 a
443 1461 530 1529 tergo
545 1470 607 1515 non
626 1453 719 1516 habet
733 1455 815 1516 Ursa
828 1459 951 1517 metum.

184 1542 267 1600 Tunc
282 1553 340 1613 ego
356 1552 405 1596 me
421 1538 543 1598 memini
557 1539 649 1600 ludos
664 1540 694 1599 in
709 1538 845 1614 gramine
860 1538 965 1614 Campi

226 1622 378 1698 Aspioere
392 1629 422 1681 et
436 1621 512 1694 dici,
528 1623 645 1683 lubrice
658 1622 787 1702 Thybri,
803 1628 884 1683 tuos.

183 1706 275 1767 Festa
287 1706 354 1764 dies
369 1705 444 1777 illis,
461 1705 513 1780 qui
528 1706 590 1765 lina
606 1707 759 1767 madentia
772 1707 895 1778 ducunt,

119 1797 172 1852 tto
229 1789 349 1864 Quique
362 1794 468 1864 tegunt
481 1789 588 1865 parvis
604 1805 676 1849 aera
690 1805 819 1850 recurva
835 1788 924 1851 cibis.

381 1919 411 1983 8.
435 1923 491 1982 GN
511 1938 831 1984 usurum-carru

185 2039 273 2100 Mens
290 2056 415 2116 quoque
429 2056 542 2101 numen
556 2041 657 2101 babet.
685 2041 795 2102 Menbs
811 2039 938 2113 delubra
958 2041 1100 2104 videmus

228 2124 309 2184 Vota
324 2131 405 2185 metu
419 2123 506 2200 belli,
520 2125 641 2200 perfide
654 2125 772 2199 Poene,
786 2124 839 2186 tui
981 2120 987 2131 ’

186 2207 287 2269 Poene
302 2208 483 2281 rebellaras,
501 2215 532 2268 et
546 2211 606 2270 leto
620 2210 757 2271 consulis
773 2224 880 2269 omnes

227 2291 355 2351 Attoniti
369 2292 492 2351 Mauras
507 2292 690 2366 pertimuere
710 2310 830 2355 manus.

122 2378 173 2435 ²45
190 2374 283 2450 Spem
298 2382 397 2436 metus
413 2375 587 2451 expulerat,
604 2391 673 2439 cum
687 2377 780 2438 Menti
794 2383 867 2437 vota
881 2383 1008 2449 senatus

230 2457 374 2534 Suscipit.
405 2464 435 2518 et
449 2459 557 2522 melior
570 2461 709 2536 protinus
724 2461 776 2521 illa
790 2460 881 2521 venit.

186 2541 308 2618 Aspicit
322 2543 471 2604 instantes
486 2544 596 2606 mediis
612 2561 669 2607 sex
684 2545 804 2607 lucibus
819 2544 892 2606 Idus
930 2615 933 2619 ἵ

229 2628 284 2687 Illa
299 2627 381 2702 dies,
398 2643 458 2702 qua
474 2635 545 2689 sunt
560 2636 631 2689 vota
646 2631 747 2692 soluta
761 2629 847 2689 deae.

369 2761 851 2824 s.r1vrtsrrrn·vrsrnr

188 2876 299 2952 Vesta,
316 2880 400 2940 lave!
415 2881 480 2940 Tibi
497 2896 578 2943 nunc
591 2890 717 2959 operata
730 2881 914 2942 resolvimus
930 2895 994 2952 ora,

121 2969 174 3024 250
230 2963 280 3022 Ad
295 2971 347 3025 tua
362 2964 389 3024 si
404 2964 493 3024 nobis
511 2981 600 3026 sacra
615 2965 720 3024 venire
734 2965 813 3024 licet.

189 3047 223 3107 ln
238 3062 332 3122 prece
345 3053 426 3108 totus
445 3063 539 3110 eram.
569 3048 715 3111 caelestia
729 3049 852 3109 numina
867 3046 961 3120 sensi,

134 3191 137 3198 ,
228 3129 385 3205 Laetaque
403 3147 559 3207 purpurea
574 3135 643 3194 luce
656 3131 774 3193 refulsit
787 3131 909 3193 humus.

188 3213 255 3273 Non
270 3215 413 3290 equidem
427 3213 522 3276 vidi...
536 3218 659 3279 valeant
672 3215 832 3277 mendacia
846 3222 982 3276 vatum...

228 3298 285 3372 Te,
302 3299 370 3359 dea.
399 3314 456 3358 nec
471 3300 574 3363 lueres
589 3300 769 3378 aspicienda
783 3299 861 3360 viro.

126 3386 176 3440 255
192 3380 256 3441 Sed
273 3397 352 3458 quae
367 3383 553 3460 nescieram,
569 3400 763 3460 quorumque
777 3399 881 3445 errore
896 3383 1033 3455 tenebor,

226 3463 353 3541 Cognita
369 3474 438 3528 sunt
453 3468 535 3529 nullo
551 3470 759 3546 praecipiente
774 3467 856 3528 milri.
