2318 3960
444 204 482 278 V,
504 200 534 278 5,
555 200 670 277 cla—7,
692 201 722 264 5.

114 363 148 416 15
158 353 206 412 Nil
221 352 280 412 nisi
295 368 344 412 me
360 353 458 413 solum
473 354 572 430 primo
587 360 699 415 tutatus
714 370 758 426 es,
791 362 916 417 ataunc

197 436 246 495 Me
262 436 375 511 pariter
389 452 481 497 serva
495 437 703 512 iudiciumque
721 446 829 499 tuuurr.

155 520 187 580 Si
202 521 294 580 modo
310 535 371 579 uon
392 520 497 595 aliqua
511 527 561 581 est
573 522 603 581 iu
617 536 667 581 me
681 537 763 582 nova
777 524 882 599 culpa,
905 530 1048 601 tuamque

192 602 347 664 Mutarunt
360 603 462 665 subito
477 605 604 664 crimina
617 611 724 667 nostra
738 606 842 667 fldem.

156 687 288 762 Spiritus
304 684 362 761 hic,
386 685 533 764 Scythica
546 704 639 765 quem
653 704 715 750 non
729 690 810 751 bene
823 689 963 753 ducimus
978 707 1062 767 aura,

111 781 149 834 ao
200 770 288 844 Quod
303 771 403 846 cupio,
425 771 569 833 membris
583 781 675 834 exeat
688 780 758 834 anta
772 775 858 849 meis,
887 822 889 827 .

157 855 254 928 Quam
268 862 321 915 tua
335 855 447 915 delicto
462 857 647 931 stringantur
660 864 917 934 pestoranostro,

196 938 233 998 Et
247 939 356 998 videar
369 940 477 1001 merito
493 940 582 1001 vilior
595 954 668 1001 esse
682 941 746 1002 tibi.
799 971 802 974 ·

155 1023 223 1082 Non
238 1023 316 1082 adeo
332 1023 387 1083 toti
402 1023 472 1084 latis
486 1039 652 1099 urguemur
665 1024 787 1101 iniquis,

197 1106 236 1167 Ut
249 1123 318 1167 moa
332 1108 372 1168 sit
384 1108 485 1184 longis
499 1123 586 1169 meus
600 1125 726 1186 quoque
739 1117 822 1169 mota
836 1110 934 1170 malis.

112 1202 147 1254 aa
159 1190 254 1266 finge
268 1199 369 1252 tamen
383 1199 505 1267 motam,
521 1192 671 1269 *quotiens
689 1194 920 1268 Agamemnone
934 1200 1036 1255 natum

197 1275 319 1335 Dixisse
333 1275 363 1336 in
377 1275 514 1355 Pyladen
531 1276 626 1337 verba
639 1282 784 1353 proterva
796 1283 909 1353 pulast

155 1360 217 1418 Nec
232 1361 339 1435 procul
353 1375 372 1419 a
384 1375 460 1421 vero
475 1367 536 1435 est,
560 1360 644 1436 quod
660 1361 708 1420 vel
724 1360 853 1436 pulsarit
864 1360 1012 1424 amicum.

195 1443 308 1503 Mansit
321 1444 352 1502 in
367 1444 477 1504 ciliciis
493 1460 555 1505 non
569 1444 670 1505 minus
686 1445 737 1504 ille
752 1445 827 1506 suis.

155 1527 221 1586 Hoc
236 1532 284 1586 est
297 1542 366 1587 cum
379 1527 501 1589 miseris
517 1529 618 1589 solum
633 1544 795 1590 commune
808 1527 916 1604 beatis,

111 1620 148 1674 30
198 1610 359 1672 Ambobus
378 1610 469 1673 tribui
485 1613 569 1687 quod
584 1614 664 1673 solet
678 1611 872 1688 obsequium.

156 1695 281 1754 Ceditur
293 1702 323 1755 et
337 1696 439 1757 caeeis
454 1703 484 1756 et
500 1713 582 1772 quos
593 1702 754 1772 praetexta
767 1695 921 1756 verendos

195 1778 352 1854 virgaque
367 1794 436 1840 cum
450 1779 555 1841 verbis
569 1780 738 1856 imperiosa
752 1780 833 1842 iacit.

155 1861 187 1922 Si
203 1862 275 1922 mihi
290 1879 352 1924 non
366 1864 479 1940 parcis,
502 1865 642 1925 fortunae
656 1879 784 1940 parcere
800 1864 912 1924 debesa

194 1946 261 2007 Non
275 1945 369 2008 habet
381 1947 413 2007 in
428 1947 518 2009 nobis
532 1948 623 2009 ullius
638 1947 685 2008 ira
699 1948 810 2010 locum.

109 2038 144 2092 35
155 2030 242 2105 Elige
256 2032 601 2113 nostrorummimmum
614 2031 832 2105 minimumque
848 2029 996 2104 laborum,

194 2116 266 2190 Isto,
289 2110 374 2190 quod
388 2115 474 2189 reris,
497 2117 644 2192 grandius
658 2115 734 2177 illud
747 2115 814 2175 erit.

155 2198 250 2272 Quam
264 2199 358 2260 multa
371 2199 514 2261 madidae
529 2201 721 2262 celebramur
734 2198 884 2260 arundine
898 2197 1014 2276 fossae,

193 2281 318 2343 Florida
333 2299 424 2359 quam
437 2287 548 2346 multas
562 2284 666 2364 Hybla
678 2291 778 2345 tuetur
792 2298 878 2358 apes,
986 2328 989 2333 .

155 2366 251 2439 Quam
265 2367 377 2428 multae
391 2369 496 2442 gracili
511 2376 633 2430 terrena
648 2366 706 2428 sub
720 2368 833 2428 horrea
847 2367 927 2426 ferre

108 2457 145 2510 40
196 2449 303 2511 Limite
317 2451 463 2511 formicae
476 2467 572 2527 grana
584 2458 707 2529 reperta
721 2452 830 2525 solent,
858 2494 860 2499 2

152 2533 225 2592 Tam
240 2551 289 2594 me
304 2535 480 2596 circumstat
494 2534 765 2599 densorum-turba
779 2534 939 2594 malorum.

195 2618 292 2679 Crede
306 2618 388 2692 mibi,
411 2635 486 2680 vero
502 2628 551 2682 est
563 2625 669 2683 nostra
685 2619 822 2694 querella
837 2618 945 2679 minor.

152 2701 207 2761 His
224 2703 276 2778 qui
291 2710 451 2764 contentus
465 2720 528 2764 non
543 2714 599 2779 est
620 2703 651 2763 irr
665 2702 738 2762 litus
753 2717 873 2776 arenas,

194 2785 227 2844 ln
242 2793 378 2861 segetem
394 2788 507 2862 spicas,
530 2789 561 2848 in
577 2802 661 2848 mare
676 2785 783 2846 laudat
797 2800 906 2859 aquas.

109 2877 143 2930 45
156 2868 390 2945 Intempestivos
405 2871 495 2946 igitur
509 2886 674 2949 compesce
687 2877 833 2941 tumores,
872 2898 874 2901 v

194 2953 273 3012 Vela
287 2969 345 3014 nec
359 2953 390 3013 in
405 2955 507 3016 medio
523 2955 635 3017 desere
648 2960 755 3015 nostra
769 2952 855 3012 mari.

89 3082 131 3175 70
149 3082 252 3186 Quam
268 3121 353 3195 legis,
371 3137 409 3181 ex
425 3122 475 3182 illa
489 3122 543 3183 tibi
555 3121 637 3183 venit
650 3119 782 3197 epistola
796 3127 888 3190 terra,

192 3204 285 3264 Latus
300 3205 352 3264 ubi
367 3206 531 3281 aequoreis
546 3205 669 3266 additur
682 3204 785 3265 Hister
798 3200 899 3279 aquis.

153 3286 185 3346 Si
199 3287 254 3347 tibi
269 3288 429 3363 contigerit
443 3303 512 3350 cum
527 3289 607 3350 dulci
621 3289 684 3349 vita
699 3288 806 3364 salute,

192 3369 330 3432 Candida
344 3373 483 3433 fortunae
498 3389 571 3447 pars
585 3379 689 3433 manet
702 3387 764 3432 una
777 3387 875 3434 meae.

123 3451 283 3530 oScilicet,
305 3462 338 3515 ut
353 3470 484 3532 semper,
509 3456 583 3517 ouid
597 3472 695 3532 agam,
718 3455 886 3526 carissime,
911 3448 1051 3526 quaerisr
