2318 3960
407 221 451 294 V,
474 219 652 285 sla-ola.
977 224 1036 290 all

110 375 173 434 Nec
187 373 263 435 satis
279 380 326 432 est
341 372 491 433 meruisse
506 377 601 434 semel
616 376 798 450 cognomina
809 374 913 438 lllartie

63 468 98 521 80
155 457 353 532 Persequitur
364 456 466 517 Partlri
482 457 570 531 signa
588 465 704 520 retenta
719 475 824 526 manu„

109 544 192 603 Gens
208 543 262 601 luit
277 546 307 601 et
322 540 439 614 campis
456 547 485 602 et
499 540 588 614 equis
603 548 633 603 et
646 548 711 603 tuta
726 542 851 618 sagittis,

151 626 188 685 El
203 623 396 685 circumfusis
412 623 495 685 invia
509 624 695 686 fluminibus.

108 710 300 769 Addiderant
314 709 434 768 animos
451 708 632 769 Crassorum
646 711 754 770 lunera
768 711 859 784 genti,

153 794 225 854 Cum
241 791 331 867 periit
344 791 432 851 miles
448 791 598 868 signaque
614 792 742 868 duxque
753 793 852 853 simul.

63 886 96 940 85
112 875 220 951 Signa,
240 876 335 936 decus
352 875 436 948 belli,
455 874 583 935 Parthus
598 876 737 936 Romana
751 877 880 949 tenebat,

150 961 371 1034 Romanaeque
387 958 508 1032 aquilae
524 958 652 1033 signiter
666 960 764 1020 hostis
780 966 859 1019 erat!
917 1020 920 1025 Α

108 1045 201 1117 lsque
214 1043 315 1118 pudor
330 1042 495 1102 mansisset
512 1042 628 1117 adlruc,
645 1043 704 1103 nisi
719 1043 845 1103 fortibus
862 1043 954 1104 armis

152 1126 292 1187 Caesaris
307 1126 466 1186 Ausoniae
480 1132 713 1201 protegerentur
728 1142 816 1202 opes.

109 1210 161 1270 llle
176 1217 264 1271 nolas
281 1217 400 1270 veteres
416 1217 445 1269 et
464 1209 546 1284 longi
561 1210 697 1271 dedecus
712 1211 780 1271 aevi

63 1301 97 1356 90
155 1293 292 1355 Sustulit.
322 1299 472 1369 agnorunt
486 1294 574 1368 signa
588 1301 712 1369 recepta
729 1310 815 1356 suos.

110 1378 187 1452 Quid
203 1378 255 1438 tibi
271 1393 351 1438 nunc
370 1376 480 1437 solitae
494 1377 569 1438 mitti
583 1385 656 1452 post
671 1386 753 1454 terga
769 1377 906 1453 sagittae,

151 1462 227 1535 Quid
244 1462 326 1536 loca,
343 1460 416 1534 quid
431 1461 530 1536 rapidi
546 1461 660 1536 profuit
673 1479 748 1522 usus
763 1461 855 1539 equit
906 1534 907 1537 Ἴ

109 1545 229 1620 Partho,
245 1545 343 1605 refers
362 1546 492 1620 aquilas.
523 1545 621 1606 victos
644 1562 767 1621 quoque
786 1545 917 1622 porrigis
938 1561 1036 1607 arcun

149 1628 280 1704 Pignora
296 1627 356 1687 iam
371 1629 467 1689 nostri
487 1630 569 1689 nulla
582 1629 710 1704 pudoris
729 1629 836 1690 habes.

63 1722 94 1776 95
111 1714 177 1774 Rite
193 1714 251 1773 deo
266 1713 474 1787 templumque
490 1714 593 1774 datum
608 1729 781 1790 nomenque
795 1713 845 1774 bis
859 1712 933 1788 ulto,

150 1797 188 1856 in
203 1796 326 1856 meritus
347 1797 409 1856 voti
428 1796 529 1856 debita
546 1797 639 1858 solvit
652 1798 762 1861 honor.

108 1880 279 1941 sollemnes
295 1879 385 1940 ludos
402 1879 487 1941 Circo
504 1879 671 1956 celebrate,
689 1880 833 1955 Quirites!

151 1965 216 2024 Non
231 1964 300 2025 visa
315 1972 363 2025 est
377 1964 486 2024 fortem
500 1979 614 2023 scaena
630 1963 741 2024 decere
756 1964 856 2024 deum.

397 2096 446 2158 13.
475 2099 500 2158 E
521 2098 667 2158 LEM-N

109 2215 229 2275 Pliadas
244 2215 378 2290 aspicies
395 2231 501 2275 omnes
517 2221 675 2290 totumque
690 2229 830 2276 sororum

63 2311 96 2362 00
153 2300 286 2374 Agmen,
302 2298 354 2359 ubi
373 2305 442 2359 ante
458 2300 532 2360 Idus
546 2315 609 2360 nox
624 2298 681 2360 crit
693 2314 754 2358 una
768 2314 872 2376 super.

107 2385 180 2443 Tum
195 2382 267 2442 milri
282 2399 342 2443 non
359 2382 459 2444 dubiis
477 2383 652 2447 auctoribus
667 2382 772 2458 incipit
786 2391 897 2454 aestas,

148 2467 185 2526 Et
201 2467 294 2542 tepidi
310 2468 400 2527 linem
416 2474 554 2543 tempora
573 2467 654 2526 veris
670 2465 792 2526 habent.

472 2600 521 2662 14.
543 2600 597 2662 FC

108 2719 214 2779 Idibus
232 2735 287 2780 ora
301 2720 385 2794 prior
401 2717 554 2780 stellantia
567 2719 674 2778 tollere
687 2718 818 2778 Taurum

150 2804 276 2863 Iudicat.
304 2801 377 2863 huic
391 2802 479 2880 signo
496 2801 599 2861 sabula
613 2808 686 2862 nota
703 2799 819 2862 subest.

63 2899 95 2948 oa
110 2887 265 2957 Praebuit,
287 2893 319 2946 ut
336 2893 457 2962 taurus,
471 2885 582 2965 Tyriae
597 2901 655 2946 sua
672 2891 758 2960 terga
772 2882 894 2960 puellae

154 2970 301 3046 luppiter,
319 2977 348 3030 et
368 2970 447 3032 falsa
461 2986 576 3031 cornua
592 2969 691 3031 fronte
706 2968 780 3030 tulit.

111 3054 164 3115 llla
178 3054 278 3114 iubam
295 3054 416 3130 dextra,
431 3057 520 3115 laeva
533 3054 682 3114 retinebat
695 3051 833 3123 amictus,

151 3139 189 3199 Et
203 3139 293 3198 timor
308 3138 376 3212 ipse
391 3139 463 3197 novi
478 3153 573 3197 causa
586 3136 708 3199 decoris
724 3129 798 3197 er'at.

110 3231 194 3284 *nura
208 3222 294 3283 sinus
309 3222 424 3296 implet.
453 3220 553 3281 llaros
569 3227 674 3280 movet
688 3236 762 3281 aura
776 3217 914 3296 capillos.

63 3320 95 3369 lo
153 3306 273 3379 Sidoni,
292 3306 337 3366 sic
353 3306 456 3367 lucras
471 3303 652 3380 aspicienda
665 3304 740 3365 lovi.

112 3395 213 3465 saepe
228 3391 383 3466 puellares
397 3386 544 3449 subduxit
562 3386 600 3447 ab
614 3402 753 3462 aequore
768 3386 900 3462 plantas,

153 3474 191 3533 Et
205 3472 309 3568 meluit
322 3479 420 3535 tactus
437 3470 601 3534 assilientis
618 3485 730 3546 aquam
