2318 3960
420 255 476 330 iil,
494 252 672 319 alo-418.

127 411 189 472 lam
206 407 334 468 dederat
348 408 439 467 Saliis
455 425 474 466 a
488 409 567 467 saltu
582 409 707 468 nomina
721 410 801 469 dicta

168 495 326 566 Armaque
340 499 370 551 et
384 492 424 551 ad
440 499 540 553 certos
555 491 652 552 verba
666 495 804 553 canenda
819 495 939 556 modos.

124 579 200 638 Turn
215 577 261 637 sio
275 575 458 635 Mamurium
481 576 611 636 ‘Merces
627 576 699 635 mihi
714 577 812 652 gloria
827 578 923 651 detur,

51 671 107 726 390
166 661 357 735 Nominaque
371 666 506 720 extremo
522 660 655 719 carmine
670 666 776 720 nostra
790 665 922 721 sonent!

124 746 200 804 inde
216 743 395 804 sacerdotes
411 744 496 820 operi
511 744 666 819 promissa
680 750 800 804 vetusto

166 828 304 887 Praemia
319 828 508 902 persolvunt,
523 826 768 903 Mamuriumque
786 836 906 889 vocant.

124 911 245 972 Nubere
260 912 351 986 siqua
364 912 469 981 voles,
493 911 633 986 quamvis
649 911 851 988 properabitis
867 912 966 986 amito,

166 995 270 1055 Differ.
298 994 414 1054 habent
426 1010 543 1070 parvae
560 997 722 1055 commoda
735 1011 846 1070 magna
859 1013 973 1058 morae.

56 1089 113 1145 395
128 1081 224 1140 Anna
237 1084 361 1138 movent
375 1094 504 1154 pugnas.
531 1095 636 1154 pugna
650 1087 699 1139 est
712 1080 812 1139 aliena
825 1080 950 1139 maritis.

167 1163 296 1223 Condita
310 1179 379 1222 cum
394 1160 512 1236 luerint,
528 1163 629 1237 aptius
645 1177 735 1223 omen
751 1164 817 1223 erit.

126 1247 182 1308 His
197 1246 288 1306 etiam
303 1247 437 1306 coniunx
452 1247 563 1321 apicati
582 1247 682 1307 cineta
694 1247 790 1306 Dialis

168 1331 302 1390 Lucibns
317 1331 448 1406 inpexas
464 1330 556 1391 debet
569 1329 683 1390 habere
699 1346 813 1391 comas.
925 1396 928 1400 ³

348 1466 378 1527 2.
400 1466 455 1524 EF
497 1467 527 1529 3.
549 1466 602 1527 Fc
644 1465 674 1528 4.
697 1467 752 1527 Gc

125 1583 227 1643 Tertia
240 1598 303 1642 nox
317 1583 458 1643 dimensa
472 1600 547 1644 suos
562 1584 615 1644 nbi
630 1584 760 1643 moverit
775 1587 872 1661 ignes,

51 1675 109 1730 too
166 1665 312 1726 Conditus
328 1681 346 1725 e
359 1666 489 1741 geminis
503 1667 645 1728 Piscibus
660 1668 737 1727 alter
752 1670 816 1728 erit.

127 1749 204 1810 Nam
219 1751 281 1809 duo
297 1755 377 1810 sunt.
406 1751 518 1811 austris
533 1750 583 1810 hio
598 1757 653 1826 est,
670 1752 865 1826 aquilonibus
879 1751 929 1812 ille

171 1832 338 1893 Proximus.
368 1850 386 1892 a
401 1840 493 1893 vento
509 1849 620 1893 nomen
634 1841 764 1909 uterque
778 1842 868 1896 tenet.

497 1964 527 2027 5.
557 1967 613 2025 HC

129 2084 203 2145 cum
218 2084 337 2144 croceis
351 2099 456 2143 rorare
470 2083 558 2157 genis
573 2083 713 2143 Tithonia
728 2086 860 2144 coniunx

168 2167 309 2243 Coeperit
323 2173 354 2226 ct
368 2168 492 2241 quintae
505 2174 646 2242 tempora
660 2167 736 2228 lucis
751 2175 829 2243 aget,

58 2259 113 2313 405
130 2250 203 2312 Sive
218 2257 266 2311 est
279 2250 500 2326 Arctophylmr,
523 2250 591 2329 sive
605 2257 653 2310 est
666 2251 754 2325 piger
768 2252 818 2311 ille
831 2253 955 2326 Bootes,

170 2336 324 2409 Mergetur
338 2334 425 2394 visus
441 2333 627 2411 effugietque
641 2341 722 2394 tuos.

128 2421 169 2480 At
183 2436 244 2480 non
260 2417 384 2493 effugiet
397 2418 599 2478 Vindomitor.
626 2419 693 2479 Hoc
709 2435 832 2494 quoque
847 2436 971 2481 causam

167 2504 256 2564 Unde
270 2502 369 2562 nabat
384 2502 481 2574 sidus
498 2518 596 2576 parva
609 2503 721 2562 docere
736 2519 821 2563 mora
836 2511 893 2564 est.

128 2588 280 2663 Ampelon
295 2586 449 2645 intonsum
465 2591 569 2661 satyro
585 2587 783 2662 nymphaque
798 2594 932 2648 creatum

58 2685 113 2738 410
167 2671 276 2731 Fertur
289 2670 320 2728 in
334 2669 468 2729 Ismariis
482 2669 624 2728 Bacchus
639 2686 761 2732 amasse
775 2671 863 2746 iugis.

129 2754 265 2815 Tradidit
278 2753 349 2813 haio
364 2753 457 2813 vitem
471 2752 655 2828 pendentem
670 2770 688 2813 e
703 2754 864 2815 frondibus
883 2754 960 2813 ulnn.

171 2839 255 2913 Quae
270 2853 350 2897 nunc
365 2837 405 2896 de
419 2836 506 2911 pueri
522 2835 645 2896 nomine
660 2853 771 2898 nomen
786 2838 888 2898 habet.

129 2923 208 2984 Dum
222 2922 295 2996 legit
308 2921 338 2979 in
353 2937 438 2980 ramo
453 2921 552 2995 pictas
567 2921 746 2980 temerarius
761 2938 849 2993 uvas,

172 3006 302 3066 Decidit
330 3004 478 3064 amissum
492 3003 582 3063 Liber
595 3003 625 3062 in
641 3010 724 3064 astra
736 3005 811 3063 tulit.

51 3140 77 3202 fi·
95 3141 167 3201 ΑΝ)
188 3155 363 3201 noc-ms·
378 3155 540 3198 CAESAR·
555 3152 861 3199 PONTIF·MAXIM·
876 3152 1062 3197 raca-Est

10 3267 12 3279 '
67 3267 117 3322 tto
131 3261 246 3320 Sextus
260 3257 313 3319 ubi
328 3273 445 3318 oceano
461 3258 610 3317 clivosum
621 3255 747 3328 ‚scandit
762 3257 920 3332 olympum

10 3380 15 3429 q
170 3343 312 3403 Phoebus
328 3348 358 3402 et
372 3341 460 3402 alatis
475 3341 600 3402 aethera
615 3340 712 3416 carpit
725 3339 825 3415 equis,

135 3427 278 3503 Quisquis
293 3425 369 3486 ades
385 3431 551 3502 castaeque
566 3426 643 3485 colis
657 3423 826 3500 penetralia
841 3422 964 3492 Vestae,

175 3511 316 3584 (iratam,
337 3509 438 3569 iliacis
453 3517 582 3585 turaque
596 3525 678 3585 pone
693 3509 781 3570 locis.
