2318 3960
422 239 477 309 Vi,
502 235 678 299 teu-224.

477 439 508 501 2.
532 441 612 518 [nr]

123 560 250 621 Postera
265 559 318 619 iux
335 557 478 636 Hyadas,
494 556 772 639 Taurioaocornua
788 560 906 636 frontis,

164 643 297 717 Evocat,
313 648 343 701 et
353 641 447 701 muita
460 646 541 700 terra
557 642 707 702 madescit
721 658 811 719 aqua.

494 773 603 835 aaa
652 849 655 852 ,

123 897 213 957 Mane
227 894 280 956 ubi
296 892 344 954 bis
360 893 464 968 inerit,
479 892 686 968 Phoebusque
700 894 853 956 iteraverit
872 904 965 971 ortus,

71 994 111 1044 tto
165 980 322 1055 Factaque
336 977 394 1038 erit
409 977 512 1054 posito
527 991 598 1038 rore
612 976 660 1037 bis
674 978 737 1038 uda
751 995 852 1055 seges,

123 1066 189 1124 Hac
207 1070 328 1125 sacrata
343 1062 393 1121 die
407 1063 507 1121 Tusco
525 1061 654 1120 Bellona
668 1063 770 1122 duello

166 1147 297 1219 Dicitur,
313 1153 343 1206 et
356 1146 443 1207 Latio
461 1160 614 1221 prospera
627 1161 752 1222 semper
766 1147 863 1208 adest.

123 1232 245 1308 Appius
261 1239 309 1291 est
323 1237 443 1306 auctor,
457 1229 576 1307 Pyrrho
592 1230 645 1305 qui
660 1246 738 1305 pace
753 1239 864 1307 negata

165 1316 293 1377 Multum
308 1314 410 1376 animo
427 1313 517 1390 vidit,
533 1314 646 1375 lumine
660 1321 770 1392 captus
789 1324 862 1376 erat.

71 1409 111 1461 ns
125 1399 277 1476 Prospicit
291 1417 310 1460 a
325 1400 437 1475 templo
453 1414 606 1460 summurn
619 1398 723 1460 brevis
738 1416 811 1460 area
825 1400 942 1461 circum

163 1484 219 1545 Est
233 1484 275 1544 ibi
290 1500 351 1542 non
368 1499 483 1558 parvae
497 1499 596 1558 parva
610 1485 753 1545 colunna
767 1491 867 1545 notae.

125 1568 202 1627 Hinc
217 1569 298 1628 solet
311 1567 400 1628 hosta
414 1583 519 1642 manu,
534 1566 606 1626 beili
621 1571 817 1644 praenuntia,
832 1568 917 1644 mitti,

165 1653 199 1711 ln
215 1668 319 1727 regern
335 1658 365 1711 et
379 1657 486 1726 gentes
502 1666 569 1711 cum
585 1652 688 1726 placet
704 1667 789 1712 arma
802 1652 882 1729 capi.

492 1783 523 1846 4.
547 1785 599 1844 CC

122 1907 229 1966 Altera
245 1922 318 1983 pars
336 1905 413 1966 Circi
430 1905 565 1966 Custode
579 1904 636 1965 sub
651 1906 784 1968 Hercule
798 1913 861 1966 tuta
875 1915 937 1968 est:

71 2000 112 2052 :10
169 1991 257 2066 Quod
273 1991 351 2051 deus
368 1989 505 2051 Euboico
522 1988 656 2050 carmine
670 2006 781 2051 munus
797 1990 899 2050 habet.

123 2073 260 2146 Muneris
276 2082 323 2135 est
339 2080 475 2150 tempus,
493 2073 546 2149 qui
562 2073 666 2133 Nonas
681 2074 789 2135 luciier
804 2081 875 2135 ante
889 2083 945 2136 est.

166 2159 199 2219 Si
214 2159 333 2221 titulum
349 2158 490 2234 quaeris,
507 2157 592 2218 Sulla
607 2157 749 2233 probavit
765 2173 856 2234 opus.

453 2291 484 2354 5.
506 2294 531 2353 D
554 2290 643 2351 NON

124 2413 330 2488 Quaerebam,
346 2414 450 2475 Nonas
466 2413 578 2486 Sanco,
594 2413 723 2474 Fidione
737 2414 891 2487 referrem,

164 2501 214 2558 An
229 2498 297 2574 tibi,
314 2497 405 2559 Semo
422 2505 516 2573 pater.
545 2497 619 2556 'iiim
635 2497 707 2556 mihi
724 2497 843 2559 Sancus
859 2497 916 2557 ait:

71 2591 110 2643 ,15
125 2582 325 2657 ‘Cuicumque
340 2598 380 2643 ex
395 2583 463 2643 istis
480 2580 618 2655 dederis,
635 2596 692 2655 ego
708 2597 818 2641 munus
834 2581 966 2641 habebo.

166 2667 296 2727 Nomina
311 2675 397 2727 terna
411 2668 488 2726 iero.
518 2665 563 2725 sic
577 2664 704 2724 voluere
720 2665 837 2725 Cures!

122 2750 319 2826 Hunc-igitur
333 2758 453 2811 veteres
470 2749 622 2809 donarunt
637 2748 716 2808 aede
730 2747 844 2822 Sabini,

166 2835 262 2909 Inquc
277 2834 422 2908 Quirinali
439 2833 625 2894 constituere
640 2836 722 2906 iugo.

495 2969 526 3031 6.
547 2967 605 3026 EN

121 3083 176 3144 Est
189 3083 293 3143 mihi...
309 3083 425 3159 sitque,
441 3099 567 3158 precor,
585 3082 697 3143 nostris
713 3081 881 3143 diuturnior
895 3082 1014 3144 annis...

71 3176 108 3228 20
163 3167 253 3242 Filia,
270 3184 332 3243 qua
347 3167 420 3228 ieiix
434 3168 554 3243 sospite
568 3182 691 3243 semper
704 3182 767 3226 ero.

122 3251 209 3311 Hanc
224 3267 282 3327 ego
299 3267 368 3312 cum
383 3252 493 3312 vellem
507 3266 622 3327 genero
641 3252 731 3326 dare,
746 3257 886 3326 tempora
900 3251 1000 3312 taedis

165 3338 245 3411 Apta
259 3334 468 3411 requirebam,
486 3350 629 3412 quaeque
643 3335 783 3396 cuverrda
797 3335 906 3397 forent

121 3419 197 3479 Tum
211 3419 284 3479 mihi
300 3427 372 3496 post
386 3434 491 3480 sacras
506 3425 690 3480 monstratur
704 3419 808 3481 lunius
824 3419 898 3480 idus

163 3503 252 3564 Utilis
268 3512 298 3565 et
311 3504 430 3590 nuptis,
446 3502 530 3566 utilis
545 3518 617 3564 csse
631 3503 713 3576 viris,

79 3602 164 3646 ovro.
187 3586 238 3646 ΙΙΙ.
811 3597 843 3648 21
