2318 3960
400 238 460 313 Vl.
481 237 661 303 ose-7³4.
977 240 1040 306 335

109 394 260 454 Provocat
275 399 305 451 et
317 391 484 452 Phoebum.
512 390 637 456 Phoebo
654 399 820 468 superante
835 394 997 472 pependita

153 477 252 538 Caesa
264 480 490 536 recesserunta
505 481 575 537 cute
589 477 725 538 membra
743 493 810 539 sua.

110 563 184 624 Sum
198 567 300 621 tamm
316 559 468 620 inventrix
483 565 650 636 auctorque
664 577 723 636 ego
738 561 882 623 carminis
896 563 997 624 huius.

65 657 99 709 ιο
156 646 224 705 Hoc
239 651 302 718 est,
318 658 373 704 cur
388 650 512 704 nostros
527 659 577 705 ars
594 646 674 706 colat
688 645 748 706 ista
762 646 853 706 dies?

253 774 446 856 mnam]
491 774 813 853 crosna-r

107 894 208 958 Tertia
220 895 274 954 lux
287 894 405 969 veniet,
421 901 543 970 quatu,
558 895 681 956 Dodoni
694 896 830 975 Thyeue

150 978 253 1041 Stabis
268 978 422 1053 Agenorei
438 979 537 1039 fronte
553 979 686 1039 videnda
700 981 801 1042 bovis.

108 1065 192 1123 Haec
208 1069 255 1124 est
268 1063 319 1123 illa
335 1062 417 1138 dies,
434 1079 495 1138 que
509 1070 541 1123 tu
556 1064 736 1139 purgamina
748 1066 874 1138 Vestae,

151 1145 280 1226 Thybri,
297 1163 352 1222 per
365 1147 512 1208 Etruscas
527 1147 558 1207 in
572 1163 657 1207 mare
672 1148 764 1210 mittis
779 1164 889 1223 aquas.

61 1241 96 1294 lt
112 1230 145 1293 Si
162 1248 223 1308 qua
238 1231 316 1292 tides
332 1231 447 1307 ventis,
464 1230 603 1310 zephyro
619 1232 689 1293 date
704 1231 848 1306 carbasa,
865 1238 990 1292 naunet

154 1315 228 1375 Cras
243 1315 346 1376 veniet
365 1315 476 1377 vestris
490 1315 542 1377 ille
557 1316 711 1377 secundus
726 1316 826 1391 aquis.

300 1447 348 1511 16.
373 1450 428 1509 Gc
472 1447 522 1512 17.
545 1450 602 1509 HC
644 1448 694 1512 18.
716 1451 774 1510 AC

110 1569 151 1629 At
165 1574 251 1643 pater
264 1566 425 1627 Heliadum
440 1568 545 1628 radios
558 1566 611 1629 ubi
627 1567 749 1628 tinxerit
761 1567 862 1643 undis,

152 1650 191 1711 Et
205 1652 305 1726 cinget
318 1651 458 1726 genuinos
475 1653 565 1712 stella
580 1666 690 1712 serena
705 1652 806 1727 polos,

110 1735 208 1796 Tollet
219 1734 312 1796 humo
329 1734 451 1795 validos
464 1736 569 1811 proles
584 1735 701 1810 Hyriea
713 1736 853 1796 lacertos.

63 1828 99 1882 ιι)
157 1818 303 1880 continua
317 1819 447 1894 Delphin
462 1826 553 1880 noete
567 1819 721 1879 videndus
736 1820 802 1879 erit

470 1951 597 2015 19.Βο
678 1958 688 1970 ‘

112 2073 234 2134 Scilicet
247 2072 296 2134 hic
311 2073 383 2135 olim
397 2074 532 2134 Volscos
546 2074 739 2147 Aequosque
754 2073 876 2148 fugatos

153 2158 280 2217 Viderat
294 2157 324 2216 in
341 2157 473 2233 campis,
488 2156 601 2232 Algida
615 2164 709 2228 terra,
726 2157 800 2217 tuis:

110 2242 198 2304 Unde
214 2240 390 2302 suburbano
406 2243 521 2314 clarus,
536 2240 681 2314 Tuberte,
699 2241 861 2318 triumpho,

151 2327 268 2386 Vectus
283 2342 318 2385 es
333 2328 364 2385 in
379 2325 491 2400 niveis,
506 2325 664 2400 Postume,
679 2326 777 2386 victor
791 2327 889 2400 equis.

64 2419 97 2474 te
112 2413 176 2472 Iam
191 2426 249 2470 sex
263 2416 294 2470 et
308 2409 434 2470 totidem
449 2412 534 2470 luces
550 2410 590 2470 de
605 2424 712 2470 mense
727 2416 901 2485 supersunt,

152 2494 231 2555 Huic
244 2510 339 2554 unum
356 2510 482 2556 numero
497 2501 529 2554 tu
542 2500 643 2553 tamen
659 2494 739 2554 adde
757 2494 848 2555 diem.
904 2569 907 2576 .

112 2578 166 2639 Sol
180 2578 242 2638 abit
257 2595 275 2638 a
288 2577 438 2654 Geminis,
456 2585 486 2639 et
501 2576 608 2638 Cancri
623 2577 712 2652 signa
726 2578 906 2639 rubescunt:

155 2662 261 2738 Coepit
274 2664 428 2724 Aventina
440 2663 541 2724 Pallas
556 2661 585 2720 in
601 2676 673 2722 arce
688 2663 757 2722 coli.

470 2796 522 2859 20.
547 2797 597 2857 CC

113 2919 176 2979 lam
188 2926 255 2993 tua,
270 2917 464 2990 Laomedon,
480 2915 575 2976 oritur
588 2932 700 2990 nurus,
716 2922 844 2992 cumque
859 2926 981 2980 noctem

62 3013 98 3066 30
152 3002 253 3075 Pellit,
270 3010 300 3062 et
315 3019 332 3061 e
348 3001 444 3078 pratis
458 3001 521 3062 uda
534 2999 644 3075 pruina
658 2999 747 3074 fugit:

112 3086 259 3162 Reddita,
276 3085 417 3162 quisquis
432 3086 459 3145 is
475 3091 536 3158 est,
553 3084 718 3146 Summano
733 3084 848 3160 templa
861 3086 1005 3158 feruntur,

153 3172 244 3246 Tum,
263 3186 332 3233 cum
345 3168 509 3244 Romanis,
523 3168 654 3245 Pyrrhe,
670 3168 823 3230 timendus
837 3183 916 3228 eras.

387 3301 437 3364 21.
460 3304 517 3363 bc
559 3302 610 3365 22.
631 3303 686 3364 EC

112 3422 201 3487 Hanc
214 3439 341 3500 quoque
357 3439 425 3483 cum
439 3421 547 3499 patriis
561 3422 687 3485 Galatea
702 3421 853 3500 receperit
867 3420 970 3496 undis,

155 3506 310 3583 Plenaque
324 3522 453 3567 securae
467 3512 549 3566 terra
563 3506 673 3582 quietis
686 3503 754 3578 erit,
