2318 3960
430 197 510 274 1‚4‚
534 194 625 275 r-5‚
649 196 699 266 13.
1014 197 1074 261 123

140 355 203 418 Nec
218 353 290 415 mihi
303 352 420 429 Tiphys
435 359 499 411 6161
513 359 623 413 rector.
655 368 712 414 666
726 354 871 429 Agenore
885 363 975 418 notus

182 439 264 515 Quas
279 438 424 511 lugerem,
444 436 555 507 docuit,
578 452 656 510 quas
671 453 880 516 sequererque
894 440 971 501 vias.

139 525 225 584 lllum
238 527 332 582 161616
347 527 395 580 est
409 535 478 580 cum
491 518 615 579 Pallade
629 519 714 594 regia
728 521 818 583 luno=

94 620 131 673 16
183 606 355 667 1161661616
369 619 471 664 166661
484 604 609 664 numine
623 605 706 664 nulla
721 615 822 680 caput.

139 693 225 750 lllum
239 688 369 750 furtivae
383 688 490 748 iuvere
505 686 664 762 Cupidinis
680 695 777 749 artes:

182 774 265 850 Quas
279 789 298 832 6
313 788 361 831 me
374 772 484 831 vellem
499 788 559 832 non
575 771 737 832 didicisset
749 775 855 834 Amor.

139 860 193 920 lile
209 858 333 919 domum
346 855 445 916 rediit.
470 871 527 916 nos
542 855 591 915 his
605 857 770 916 moriemur
785 859 814 917 in
831 860 922 934 arvis,

138 967 139 970 ¹
180 940 347 1003 Perstiterit
360 939 437 999 laesi
455 939 481 998 si
496 939 599 1014 gravis
615 941 660 998 116
675 939 735 1000 (161.

95 1037 130 1090 45
141 1026 253 1089 Durius
269 1030 317 1084 cst
330 1024 421 1098 igitur
434 1030 581 1097 nostrum,
605 1023 754 1083 fidissima
769 1026 911 1102 coniunx,

180 1111 245 1185 1116,
269 1108 354 1184 quod
369 1107 462 1168 subiit
474 1106 602 1168 Aesone
617 1113 715 1180 natus,
738 1124 827 1168 onus.

137 1196 179 1254 Te
195 1208 328 1269 quoque,
351 1207 442 1268 quam
456 1192 598 1251 iuvenem
613 1191 777 1251 discedens
792 1192 875 1254 Urbe
888 1196 1006 1272 reliqui,

182 1276 333 1338 credibile
347 1282 395 1335 est
409 1274 523 1335 nostris
537 1275 711 1335 insenuisse
724 1275 824 1336 malis.

140 1361 180 1422 0!
203 1376 271 1436 ego,
293 1359 459 1432 di'iaciont,
481 1360 571 1418 talem
585 1366 615 1419 te
628 1373 753 1418 cernere
769 1375 904 1435 possem,

95 1457 132 1509 50
185 1445 324 1518 Curaque
337 1443 460 1504 mutatis
475 1444 581 1503 oscula
595 1444 675 1502 serre
688 1443 786 1518 genis,

139 1528 354 1603 Amplectique
372 1526 449 1586 meis
465 1541 578 1602 corpus
595 1541 656 1585 non
671 1527 784 1601 pingue
799 1528 931 1602 lacertis,

182 1613 220 1672 Et
234 1610 360 1686 ‘gracile
374 1610 435 1670 hoc
454 1610 536 1670 lecit’
552 1611 655 1671 dicere
669 1613 756 1670 ‘cura
768 1612 863 1671 meie’

140 1697 177 1756 Et
194 1710 317 1754 6611616
334 1709 420 1753 meos
435 1693 520 1755 ilenti
535 1695 614 1755 llens
628 1695 697 1768 ipsc
711 1694 844 1769 labores,

184 1779 314 1855 sperato
330 1793 494 1853 numquam
509 1778 737 1854 conloquioque
752 1779 819 1853 1161,

96 1865 284 1938 1511116666
299 1861 482 1922 caesaribus
499 1878 567 1922 cum
581 1863 711 1936 coniuge
726 1861 858 1923 Caesare
873 1863 973 1939 digna,

183 1947 236 2006 Dis
250 1945 344 2018 veris,
366 1944 493 2005 memori
508 1945 612 2008 debita
626 1947 706 2005 16116
719 1954 827 2005 166661

140 2029 311 2089 Memnonis
326 2029 405 2088 lrcnc
419 2029 543 2103 utinam,
564 2029 657 2090 lenito
673 2028 820 2105 principe,
842 2037 939 2091 mater
964 2041 966 2046 ’

184 2112 279 2188 Quam
294 2111 424 2188 primum
437 2127 529 2174 roseo
546 2117 695 2190 prouocet
710 2127 763 2172 ore
777 2112 872 2172 diem!

472 2257 669 2268 -ι--ι-ιι

87 2298 129 2395 5.
183 2330 380 2392 6161166.

142 2415 200 2509 lile
214 2453 284 2506 tuos
300 2445 455 2520 quondam
469 2460 530 2504 non
546 2445 668 2504 ultimus
683 2444 761 2504 inter
777 2444 903 2519 amicos,

183 2529 223 2592 Ut
236 2544 293 2589 sua
308 2529 403 2589 verba
416 2529 511 2604 legas,
533 2527 674 2601 Maxime,
696 2529 779 2588 Naso
794 2536 891 2604 rogat.

142 2616 174 2674 ln
191 2613 302 2688 quibus
316 2612 470 2688 ingenium
485 2611 600 2672 desiste
613 2611 771 2687 requirere
785 2619 933 2688 nostrum,

183 2696 312 2757 Nescius
328 2695 410 2755 exilii
424 2711 463 2756 66
476 2695 602 2755 videare
615 2694 684 2755 mei.

115 2781 258 2855 acernis,
279 2785 310 2839 ut
324 2780 467 2855 ignavum
482 2785 677 2854 corrumpunt
692 2778 753 2838 otia
768 2794 890 2854 corpus,

185 2864 225 2925 Ut
239 2863 361 2940 capiant
376 2863 488 2934 vitium,
511 2863 542 2922 ni
558 2870 744 2936 moveantur,
767 2877 876 2936 aquae.

142 2948 181 3009 Et
196 2947 268 3008 milri
282 2947 380 3023 siquis
394 2954 460 3007 erat
473 2947 605 3007 ducendi
621 2946 762 3006 camrinis
779 2962 862 3020 usus,

184 3032 303 3108 Deficit,
325 3038 435 3106 estque
451 3031 550 3091 minor
564 3032 662 3091 iectus
677 3029 772 3089 inerte
787 3031 857 3090 situ.

143 3115 227 3176 llaec
239 3131 372 3191 quoque,
385 3130 464 3189 6666
475 3115 584 3190 legitis,
597 3115 623 3175 si
638 3114 800 3188 quidmihi,
811 3112 954 3188 Maxime,
965 3112 1077 3188 credis,

102 3209 136 3262 ιο
188 3198 355 3260 Scribimus
370 3199 465 3259 invite
478 3201 594 3274 vixque
609 3205 716 3258 concta
731 3213 831 3257 uranu.

142 3283 208 3343 Non
225 3282 298 3343 libet
311 3283 340 3341 in
356 3282 425 3342 talis
441 3283 573 3343 animum
587 3280 773 3343 contendere
788 3296 887 3355 curus,

182 3366 246 3427 Nec
260 3368 343 3447 venit
356 3366 397 3425 ad
412 3365 507 3427 duros
521 3365 612 3426 Musa
625 3372 736 3425 vocatu
751 3365 853 3426 Getas.

142 3450 182 3512 Ut
196 3457 295 3510 tamen
310 3451 378 3526 ipse
392 3449 490 3527 vides,
512 3451 610 3511 luctor
625 3449 778 3510 deducere
787 3463 925 3509 uersum.
