2318 3960
349 200 408 274 IV,
429 197 465 276 4,
488 197 607 274 91-5,
629 201 680 264 43.

134 353 277 414 tetmaris
292 353 371 413 Ionii
385 353 563 416 transieritis
580 369 689 428 aquas,

91 437 176 498 Luce
190 437 290 497 minus
306 436 424 497 decima
440 436 594 496 dominam
607 438 736 498 venietis
751 437 781 497 in
795 437 917 512 Urbem,

132 520 174 581 Ut
187 519 365 580 festinatum
374 535 438 579 non
451 520 569 581 iacietis
583 520 649 580 iter.

90 601 232 663 Protinus
247 602 319 663 inde
333 603 443 663 domus
458 603 549 663 vobis
561 602 707 679 Pompeia
722 611 849 680 petatur.

46 691 76 743 to
132 685 199 746 Non
214 694 262 747 est
274 687 415 760 Augusto
431 686 561 746 iunctior
573 687 636 746 ulla
649 689 727 747 foro.
770 744 776 756 ,

92 769 212 844 Siquis,
228 776 260 830 ut
275 769 305 828 in
320 769 452 845 populo,
469 770 520 844 qui
534 769 617 841 sitis,
634 776 664 829 et
678 771 773 844 unde,
789 772 932 848 requiret,

132 852 263 912 Nomina
277 852 408 928 derepta
423 852 576 927 quaelibet
590 868 664 912 aure
678 855 763 916 ierat.

90 935 132 997 Ut
145 937 184 996 sit
198 936 279 995 enim
291 942 401 1008 tutum,
418 937 497 997 sieut
509 952 581 996 reor
593 951 679 1011 esse,
695 938 791 1011 fateri,

133 1018 242 1080 Verbo
251 1019 353 1081 ninus
368 1027 451 1081 eerte
465 1018 536 1080 fleta
550 1019 668 1080 timoris
681 1019 804 1080 habent.

46 1111 75 1166 ib
92 1103 191 1178 copia
202 1117 260 1162 nee
273 1101 363 1164 vobis
381 1103 444 1164 ullo
459 1102 641 1178 prohibente
654 1102 779 1163 videndi

134 1186 341 1260 consitiis‚'ut
354 1186 444 1248 limen
460 1184 662 1261 contigeritis,
678 1186 742 1245 erit.

91 1275 154 1330 Aut
167 1277 253 1344 reget
266 1271 318 1330 ille
332 1286 408 1331 suos
421 1269 552 1329 dicendo
567 1269 634 1329 iura
648 1269 788 1343 Quirites,

133 1353 339 1429 conspicuum
354 1353 450 1428 signis
466 1368 535 1413 eum
551 1359 668 1428 premet
681 1353 761 1414 altus
773 1354 863 1414 ebur=

91 1442 155 1499 Aut
169 1437 275 1512 populi
288 1436 406 1499 reditus
420 1436 553 1512 positam
569 1442 732 1511 componet
745 1437 786 1497 od
801 1436 929 1512 hastam,

45 1534 73 1588 to
129 1521 168 1581 Et
181 1520 274 1581 minui
288 1535 417 1596 magnae
432 1536 493 1580 non
508 1519 588 1580 sinet
601 1519 693 1580 Urbis
707 1535 802 1596 opesa

90 1610 168 1676 Aut,
183 1609 217 1664 ut
231 1611 319 1664 enmt
333 1611 435 1680 patres
450 1604 481 1663 in
495 1603 571 1662 Iulia
583 1604 696 1679 templa
709 1603 821 1677 vocati,

132 1689 178 1748 De
192 1694 276 1747 tanto
291 1687 392 1763 dignis
408 1687 537 1748 consule
551 1686 644 1746 rebus
660 1693 744 1761 aget=

90 1776 154 1832 Aut
168 1771 244 1830 ieret
256 1772 398 1846 Armusto
413 1769 534 1830 solitam
548 1778 682 1845 natoque
697 1770 834 1842 salutem,

132 1856 242 1928 neque
254 1852 364 1930 perum
377 1860 450 1914 noto
464 1853 603 1914 consulet
618 1853 732 1913 officio.

45 1942 74 1998 to
89 1938 224 2012 Tempus
241 1937 280 1997 ab
294 1938 342 1998 his
357 1952 488 1998 vantium
502 1934 616 1996 Caesar
631 1936 829 1998 Germanicus
845 1951 934 1996 omne

132 2021 269 2082 Auieret
298 2038 318 2080 a
331 2019 451 2095 magnis
464 2019 547 2079 hune
562 2019 634 2080 colit
647 2020 698 2080 iile
713 2018 791 2079 deis.

92 2106 168 2166 Cum
181 2110 282 2165 tumen
296 2121 316 2164 a
329 2103 418 2165 turba
432 2119 535 2164 rerum
546 2101 731 2177 requieverit
744 2101 861 2178 harum,

132 2188 184 2249 Ao
198 2202 258 2248 vos
272 2194 447 2248 mansuetus
463 2185 598 2262 porriget
612 2186 662 2246 iiie
681 2201 806 2246 manusr
904 2190 911 2203 ¹

93 2270 235 2346 Quidque
250 2287 362 2346 parens
377 2285 435 2344 ego
451 2276 554 2330 vester
567 2285 670 2345 agam,
686 2270 817 2330 sortasse
831 2270 975 2344 requiret.

44 2369 76 2423 30
132 2354 217 2414 Talia
230 2369 289 2414 vos
304 2353 346 2414 iiii
359 2353 490 2414 reddare
504 2353 599 2414 verba
612 2353 719 2413 veiim=

93 2438 192 2497 ‘Vivit
208 2437 310 2498 adhue
323 2438 479 2511 vitamque
493 2437 546 2498 tibi
562 2436 676 2497 debere
690 2437 807 2509 fatetur,

134 2521 230 2595 Quam
247 2522 332 2595 prius
347 2538 366 2582 a
379 2521 442 2581 miti
457 2522 589 2582 Caesare
604 2536 714 2581 munus
729 2518 837 2579 haben

92 2605 134 2664 Te
149 2604 223 2679 sibi,
239 2620 308 2665 oum
322 2606 455 2680 ingeret,
471 2603 596 2663 memori
611 2603 691 2663 solet
706 2618 759 2662 ore
772 2604 886 2662 referre

132 2687 298 2748 Barbariae
311 2694 392 2749 tutas
407 2686 585 2747 exhibuisse
600 2685 680 2746 vias=

44 2780 77 2836 ib
92 2771 247 2846 Sanguine
260 2769 430 2833 Bistonium
446 2770 530 2845 quod
544 2785 606 2829 non
620 2767 798 2843 tepefecerit
812 2783 926 2841 ensem,

133 2855 282 2915 Effectum
297 2871 370 2916 eura
386 2855 520 2930 pectoris
535 2868 606 2914 esse
620 2853 679 2912 tui:

92 2937 208 2998 Addita
223 2946 381 3014 praeterea
394 2939 475 2998 vitae
491 2952 615 3012 quoque
629 2936 723 2997 muita
735 2931 867 2993 tuendae

133 3021 276 3096 Munere,
291 3038 331 3082 ne
343 3021 486 3098 proprias
501 3026 670 3081 attenuaret
685 3030 772 3094 opes.

93 3104 151 3164 Pro
168 3104 278 3177 quibus
293 3112 325 3166 ut
339 3105 453 3166 meritis
468 3106 616 3164 reseratur
628 3103 738 3178 gratia,
756 3099 833 3158 iurat

43 3195 79 3247 to
134 3187 175 3248 Se
190 3189 256 3248 iore
270 3188 423 3265 mancipio
437 3194 558 3263 tempus
573 3187 602 3245 in
615 3201 705 3246 omne
719 3192 813 3243 tuum.

91 3269 167 3330 Nam
183 3271 270 3346 prius
284 3272 432 3333 umbrosa
446 3272 594 3331 carituros
609 3269 719 3329 arbore
733 3270 862 3339 montes,

131 3353 170 3414 Et
183 3355 260 3415 treta
272 3356 422 3417 velivolas
437 3371 498 3415 non
513 3353 652 3414 habitura
665 3357 756 3425 rates,

89 3436 292 3514 munireque
306 3439 336 3499 in
353 3441 453 3500 fontes
468 3454 559 3500 eursu
574 3435 710 3497 reditura
724 3430 845 3510 supino,
