2318 3960
231 100 241 134 ι
442 63 587 185 ''ffi—

110 209 187 291 ,aas
255 190 260 205 ‘
503 205 757 275 russonum

73 291 121 373 μ’
145 311 165 349 ‚7
224 311 274 348 Ν
462 322 469 336 .

79 379 83 386 ’
146 373 149 379 ’
249 363 283 422 Et
300 368 408 423 tremat
425 361 456 419 in
472 374 590 418 summa
605 359 673 417 leve
687 372 831 416 cacumen
846 355 950 417 humo.

204 448 248 507 Tu
263 454 330 506 sata
344 443 497 504 sideribus
512 442 588 502 caeli
602 441 714 501 nutrita
726 439 855 500 secundi

246 529 406 602 Crescere,
421 527 494 588 dum
509 525 583 584 liant
596 522 725 588 falcibus
740 529 827 597 opta,
844 523 937 582 sinas.

143 623 193 679 915
208 615 265 673 Vis
280 621 331 672 toa
347 625 408 671 non
424 609 503 670 lovis
517 602 572 674 o'st.
601 621 682 682 quae
696 613 729 666 tu
743 607 894 669 bumenta
907 608 1027 680 allusu,

248 697 384 757 Maestus
399 695 429 754 in
446 691 568 752 amissis
584 691 636 749 illa
649 691 782 751 colonus
793 689 912 770 babctq.

206 781 268 839 Noc
284 778 364 838 venti
379 783 493 836 tantum
508 773 605 835 cereri
621 789 770 848 nocuere,
783 789 840 834 nec
853 773 978 844 imbres,

248 863 311 922 Nec
326 861 372 921 sic
386 865 557 919 marmoreo
574 858 667 933 pallet
679 858 790 919 adusto
803 859 888 932 gotta

206 946 371 1021 Quantum,
387 943 414 1006 si
432 943 549 1002 culmos
563 941 648 1001 Titan
663 941 815 1001 incalfacit
827 941 919 1002 udos.

141 1044 193 1098 pao
248 1029 332 1090 Tune
345 1030 432 1088 locus
449 1033 496 1086 est
509 1026 588 1097 irae,
605 1026 677 1085 diva
691 1025 839 1097 timenda,
855 1031 936 1086 tuae.

206 1114 315 1185 Parce,
332 1126 455 1187 precor,
473 1109 662 1185 scabrasque
675 1125 784 1171 manus
798 1125 818 1170 a
831 1108 989 1170 messibus
1003 1109 1102 1184 auser,

248 1196 332 1256 Neve
347 1209 425 1255 noce
440 1194 540 1254 cultis.
569 1208 664 1268 posse
678 1207 791 1253 nocere
805 1198 856 1254 sat
867 1199 924 1252 est

206 1280 269 1341 Nec
284 1287 404 1339 teneras
420 1283 557 1352 segetes,
574 1277 631 1337 sed
646 1277 754 1337 darom
770 1277 956 1352 amplectere
971 1278 1094 1354 terrum,

250 1363 400 1436 Quodque
415 1368 517 1437 potest
528 1361 608 1438 alios
624 1360 769 1435 perdere,
786 1360 881 1437 perde
895 1360 989 1436 prior.

140 1458 191 1514 925
204 1446 314 1507 Utilius
329 1445 450 1520 gladios
464 1445 566 1515 ettelo
579 1443 721 1504 nocentia
735 1458 867 1519 carpes.¹

245 1528 292 1589 Nil
307 1545 385 1604 opus
400 1536 449 1590 ast
461 1513 531 1589 illis-'t
550 1527 622 1588 'otia
636 1527 768 1587 mundus
784 1527 855 1602 agit.

205 1613 332 1675 Sareula
347 1628 427 1673 nunc
441 1612 600 1686 durusque
613 1610 723 1670 bidens
738 1617 768 1670 et
782 1626 888 1671 vomer
902 1611 1051 1688 aduncus,

246 1697 336 1757 Ruris
353 1712 445 1772 opes,
461 1695 584 1754 niteant.
612 1693 750 1768 inquinet
764 1709 848 1753 amna
863 1694 952 1756 situs.

206 1782 402 1856 conatusque
417 1777 527 1853 aliquis
542 1778 653 1852 vagina
667 1777 781 1838 ducere
796 1778 917 1851 lenum,

140 1871 192 1926 930
246 1863 435 1924 Adstrictum
451 1862 544 1936 longa
560 1863 670 1923 sentiat
683 1876 755 1922 esse
771 1877 866 1922 mora.

204 1951 245 2008 At
257 1955 288 2008 tn
304 1963 343 2007 ne
356 1946 440 2007 viola
454 1945 610 2006 Cereremt
626 1960 812 2021 semperque
828 1946 958 2009 colonus

245 2031 375 2091 Absenti
390 2029 489 2106 possit
503 2030 626 2090 solvere
642 2036 713 2090 vota
727 2030 803 2091 tibi?

202 2117 335 2176 Dixerat.
363 2113 505 2175 adextra
521 2113 601 2174 villis
616 2114 748 2174 mantele
761 2114 870 2178 solutis

248 2198 383 2272 cunique
397 2197 472 2256 meri
487 2203 593 2273 patera
605 2198 683 2259 turis
695 2213 802 2258 acerra
816 2199 880 2261 luit.

107 2293 118 2312 ·
139 2284 189 2339 9³5
204 2285 283 2343 Tura
297 2280 375 2341 locis
389 2281 554 2356 vinumque
569 2281 668 2353 dedit,
687 2280 844 2357 fibrasque
857 2281 1001 2357 bidentis,

243 2365 418 2440 turpiaque
433 2364 618 2426 obscenae...
632 2365 796 2427 vidimus...
812 2374 883 2427 exta
897 2368 993 2428 canis

200 2448 276 2508 Tum
292 2447 364 2507 rnihi
381 2447 453 2509 ‘cur
468 2449 558 2510 detur
571 2450 668 2509 sacris
683 2465 765 2508 nova
784 2449 922 2526 victima,
944 2451 1133 2528 quaerist’„

244 2531 469 2606 Quaesieram...
484 2537 624 2594 ‘causam
638 2532 775 2608 percipe’
790 2532 902 2594 flamen
917 2535 968 2595 ait.

201 2615 268 2676 ‘Est
282 2614 388 2690 canis,
404 2615 532 2678 icarium
547 2616 661 2680 dicunt.
691 2632 753 2691 quo
768 2616 871 2678 sidere
885 2626 967 2680 moto

137 2707 189 2763 ⁹40
244 2699 338 2760 'rosta
351 2699 414 2761 sitit
431 2701 536 2773 tellus,
553 2699 799 2776 praecipiturque
812 2717 914 2776 seges.

201 2782 258 2843 Pro
276 2799 351 2844 cane
367 2783 489 2845 sidereo
504 2783 590 2844 canis
604 2783 653 2844 hic
668 2783 833 2860 imponitur
845 2802 927 2859 arae,

242 2867 279 2927 Et
295 2883 388 2941 quare
403 2874 523 2944 pereat,
541 2868 582 2927 nil
597 2867 656 2927 nisi
671 2884 783 2931 nomen
797 2868 913 2932 babet’

273 3003 323 3061 ao.
346 3001 401 3061 DF
443 2996 494 3062 et.
515 3000 570 3062 Ec
611 2997 663 3063 28.
684 2999 709 3062 F
727 3003 765 3062 tl>
783 3019 973 3065 uvo·rton

363 3081 602 3146 auscium
646 3083 884 3148 annorvm

200 3204 274 3265 Cum
288 3205 418 3282 Phrygis
434 3205 581 3268 Assaraci
595 3207 734 3268 Tithonia
746 3207 838 3268 fratre
852 3207 958 3274 relicte

241 3286 370 3349 Sustulit
382 3289 521 3351 inmenso
537 3298 583 3351 ter
597 3289 686 3353 iubar
700 3291 775 3353 orbe
790 3307 889 3364 suum,

133 3378 184 3433 trra
199 3369 281 3431 Mille
296 3371 380 3431 venit
392 3372 486 3434 variis
501 3371 612 3435 ssornm
626 3374 686 3435 dea
700 3390 780 3435 nexa
795 3375 949 3442 coronio⁸¹
990 3389 993 3392 ⁴

242 3454 362 3515 Scaena
376 3455 436 3518 ioci
451 3472 566 3518 morem
581 3458 732 3519 liberioris
747 3458 848 3519 habet
