2318 3960
100 219 164 281 mil
481 212 735 280 instantiae

183 368 282 427 Prima
296 367 388 428 ceres
403 365 527 427 homine
541 365 581 426 ad
599 365 725 426 meliora
739 366 880 427 alimenta
899 374 1033 434 vocate

224 450 352 512 Mutavit
366 450 495 525 glandes
509 449 629 510 utiliore
644 448 724 509 cibo.

183 536 237 593 llla
252 535 322 608 iugo
337 540 441 593 tauros
456 533 568 592 collum
583 531 732 608 praebere
747 534 864 609 coegit:

223 617 306 677 Tunc
322 618 452 693 primum
467 616 551 676 soles
566 621 652 675 eruta
667 615 742 676 vidit
755 614 875 676 humus.

115 707 167 764 tua
181 705 246 761 Aes
262 707 328 761 erat
340 702 370 760 in
385 699 494 774 pretio.
524 696 687 777 chalybeia
701 714 806 760 massa
820 700 944 762 latebat

224 784 327 844 Eheut
356 788 504 858 perpetuo
521 781 625 842 debuit
639 781 691 841 illa
706 782 777 858 tegi.

181 866 259 926 Pace
275 866 367 927 ceres
382 867 459 925 laeta
475 873 531 926 est
561 872 591 926 et
604 881 663 926 vos
679 871 778 941 orate,
800 866 911 942 coloni,

224 950 407 1026 Perpetuam
424 964 531 1024 pacem
546 948 771 1024 pacificumque
786 949 905 1010 ducem.

182 1032 276 1093 Farra
291 1034 368 1093 deae
383 1033 542 1107 micaeque
557 1031 628 1092 licet
641 1032 778 1092 salientis
793 1032 943 1094 honorem

118 1125 173 1177 410
226 1117 326 1191 Betis,
342 1122 372 1176 et
385 1116 415 1175 in
432 1123 552 1177 veteres
566 1123 653 1175 turea
668 1131 764 1190 grana
778 1116 876 1177 iocos

180 1199 230 1272 Et,
252 1199 278 1259 si
292 1206 359 1259 tura
378 1198 520 1274 aberunt,
540 1207 648 1261 unctas
663 1198 821 1260 accendite
836 1199 953 1260 medas.

221 1282 319 1343 Parva
334 1282 432 1343 bonae
448 1281 563 1356 cereri,
578 1282 639 1342 sint
651 1282 744 1343 modo
758 1289 860 1358 casta,
875 1282 1013 1358 placent.

180 1368 208 1423 Α
222 1364 304 1426 bovo
318 1365 465 1426 succincti
479 1365 595 1426 cultros
609 1372 765 1426 removete
780 1364 917 1426 ministri.

223 1449 287 1509 Bos
306 1455 380 1508 aret.
410 1448 553 1524 ignavam
568 1448 740 1509 sacrificate
755 1465 853 1510 suem.
969 1462 971 1466 ’

115 1536 168 1592 415
182 1532 265 1608 Apta
279 1531 351 1606 iugo
368 1533 474 1592 cervix
488 1547 550 1591 non
565 1537 614 1591 est
627 1532 765 1592 ferienda
779 1534 896 1593 securi:

223 1616 329 1689 Vivat,
346 1621 376 1675 et
389 1615 420 1674 in
435 1616 511 1676 dure
525 1631 620 1691 saepe
633 1614 752 1677 laboret
765 1615 868 1678 humo.

180 1698 282 1774 Exigit
295 1698 364 1773 ipse
377 1699 480 1773 locus,
494 1705 600 1774 raptus
614 1705 648 1758 nt
660 1699 787 1774 virginis
807 1700 906 1759 edam.

222 1783 310 1841 Plura
324 1796 542 1856 recognosces.
569 1796 670 1857 pauca
684 1782 845 1843 docendus
860 1783 932 1843 eris.
948 1803 951 1808 ·

180 1867 274 1925 Terra
288 1864 383 1926 tribus
400 1864 536 1941 scopulis
555 1872 676 1926 vastum
690 1865 843 1942 procurrit
859 1866 1031 1942 insequor

115 1960 168 2013 420
222 1949 388 2022 Trinacris,
407 1964 426 2008 a
442 1948 544 2025 positu
559 1965 669 2009 nomen
685 1949 798 2026 adepta
811 1949 886 2010 loci=

182 2033 273 2092 Grau
287 2031 397 2093 domus
413 2032 524 2092 Cereri.
550 2033 660 2093 multas
675 2047 713 2092 ea
728 2032 870 2110 possidet
882 2032 986 2109 urbes,

222 2117 256 2175 ln
274 2115 384 2190 quibus
401 2122 449 2176 est
470 2116 551 2176 culto
568 2116 674 2176 fertilis
689 2114 798 2176 Henna
811 2118 891 2178 solo.

179 2198 303 2274 Frigida
317 2200 483 2260 caelestum
496 2204 610 2259 matres
624 2199 779 2260 Arethusa
788 2207 932 2262 vocarat=

222 2283 357 2342 Venerat
373 2283 413 2343 ad
429 2298 534 2343 sacras
550 2290 580 2343 et
594 2283 653 2343 dea
672 2280 755 2344 flava
769 2283 876 2359 dapes.

114 2372 167 2426 tta
181 2365 272 2436 Filia,
289 2366 445 2425 consuetis
459 2374 492 2426 ut
506 2374 570 2425 erat
585 2365 726 2427 comitata
740 2368 861 2442 puellis,

220 2448 349 2508 Errabat
363 2448 446 2508 nudo
461 2465 518 2524 per
531 2466 588 2510 sua
603 2457 690 2525 prata
704 2451 794 2525 pede.

179 2533 268 2591 Valle
284 2532 343 2592 sub
358 2532 505 2593 umbrosa
520 2534 606 2593 locus
623 2539 670 2593 est
689 2533 852 2609 aspergine
866 2536 961 2596 multa

221 2615 340 2677 Uvidus
356 2632 395 2674 ex
409 2616 471 2677 alto
487 2615 656 2678 desilientis
671 2633 780 2691 aquae.

178 2702 235 2760 Tot
249 2700 367 2760 luerent
381 2699 457 2775 illic,
474 2708 549 2775 quot
563 2700 655 2761 habet
669 2707 790 2776 natura,
809 2702 939 2776 colores,

117 2797 168 2849 430
224 2783 369 2858 Pictaque
388 2783 527 2844 dissimili
542 2784 619 2844 flore
634 2782 748 2843 nitebat
762 2783 882 2845 humus.

181 2869 277 2943 Quam
294 2866 382 2927 simul
397 2867 532 2942 aspexit,
553 2866 714 2941 ‘Comites
730 2866 868 2928 accedite
875 2872 896 2926 t’
912 2867 991 2928 dixit

223 2951 273 3011 ‘Et
287 2966 407 3011 mecum
423 2952 532 3025 plenos
548 2950 625 3011 llere
640 2951 752 3011 referte
767 2950 887 3011 sinust’

179 3034 297 3094 Praeda
311 3034 464 3109 puellares
479 3034 597 3094 animos
613 3034 763 3109 prolectat
776 3034 886 3108 inanis,

221 3118 260 3177 Et
272 3134 333 3178 non
351 3117 479 3178 sentitur
492 3117 653 3178 sedulitate
667 3116 763 3178 labor.

119 3208 166 3261 435
180 3202 265 3261 Haec
280 3201 384 3277 implet
397 3201 477 3261 lento
494 3201 630 3262 calathos
650 3216 668 3260 e
684 3200 796 3260 vimine
809 3217 918 3263 nexos.

221 3286 305 3345 llaec
319 3285 480 3360 gremium,
498 3284 587 3345 laxos
603 3285 751 3358 degravat
765 3283 817 3344 illa
831 3284 929 3344 sinus.

180 3368 234 3428 llla
248 3368 321 3444 legit
334 3368 461 3428 calthas.
489 3367 559 3429 huic
576 3376 646 3428 sunt
659 3367 787 3428 violaria
802 3382 909 3428 eurace

222 3451 277 3511 llla
291 3467 483 3527 papavereas
498 3452 645 3512 subsecat
657 3466 760 3528 ungue
775 3465 897 3511 comesa
