2318 3960
436 170 486 241 lv,
510 166 654 244 sta-v,
677 169 727 233 26.
983 165 991 183 ’
1027 171 1090 237 29⁵

160 320 229 380 Exit
243 329 274 379 et
287 319 317 379 iu
333 319 431 379 Maias
446 335 567 379 sacrum
580 320 700 381 Florale
714 321 881 383 Kalendas.

199 404 282 463 Tunc
296 410 443 478 repetam.
471 419 552 465 nunc
565 418 615 463 me
629 405 776 480 grandius
791 411 881 481 urget
895 420 986 482 opus.

157 489 255 549 Auler
267 488 364 547 Vesta
379 486 475 547 diemt
505 485 632 567 Qognati
644 489 744 549 Vesta
757 496 882 566 recepta
895 495 943 549 est

87 584 146 639 950
201 571 327 631 Limine.
356 570 402 630 sic
416 570 488 632 iusti
502 571 688 633 constituere
702 579 816 647 patres.

155 654 298 731 Phoebus
314 653 406 724 habet
419 661 551 735 partem=
580 655 696 730 Vestae
710 671 784 731 pars
799 657 893 717 altera
909 657 1018 718 cessit:

200 738 288 813 Quod
303 733 446 838 superest
464 737 539 817 illis,
554 739 662 799 tertius
677 739 746 817 ipse
760 746 852 820 tepet.

157 822 240 883 State
252 821 408 898 Palatinae
422 821 541 896 laurus,
557 829 778 917 praetextaque
794 838 910 900 quercu

199 906 264 967 Stet
277 907 396 967 domus.
425 911 567 976 aeternos
582 912 645 966 tres
660 905 753 967 habet
766 908 827 982 una
841 907 930 972 deos.

1104 352 1145 412 “t

474 1047 687 1058 ..Ἦ-...α-

364 1170 521 1264 ttulit
558 1168 792 1262 tutatus·

160 1291 332 1400 Quaeritis,
348 1327 430 1386 unde
465 1332 547 1400 utem
561 1325 642 1386 Maio
659 1326 731 1387 data
745 1326 870 1388 nomina
884 1326 1004 1386 mensis

199 1411 266 1471 Non
281 1409 356 1471 satis
372 1416 420 1487 est
433 1343 550 1487 lfquldo
571 1410 695 1484 cognita
710 1424 805 1485 causa
818 1410 902 1470 mihi.

156 1497 195 1557 Ut
209 1501 283 1571 stat,
298 1501 329 1555 et
342 1494 476 1575 incertus
492 1509 553 1591 qua
567 1493 607 1554 sit
620 1493 695 1565 sibi,
711 1493 824 1571 nescit,
840 1494 983 1568 eundum,

201 1580 274 1639 Cum
289 1578 373 1638 videt
387 1593 427 1638 ox
442 1593 522 1650 omnt
540 1583 627 1658 parte
642 1576 740 1637 viator
754 1576 825 1637 iter:
898 1637 902 1644 ,

128 1676 146 1730 s
162 1664 229 1734 Sic,
246 1663 318 1738 quia
330 1677 427 1738 posse
447 1662 535 1739 datur
550 1660 691 1731 diversas
709 1660 840 1739 ¹reddere
855 1677 977 1735 causas,

201 1747 266 1820 Qua
281 1748 375 1824 ferar,
391 1745 512 1820 ignoro,
532 1745 685 1821 copiaque
699 1745 770 1822 ipsa
783 1752 883 1804 nocet.

157 1831 268 1904 Dicite,
285 1845 364 1914 quae
381 1831 480 1898 tontes
494 1828 710 1905 Aganippidos
725 1827 948 1909 Hippocrenes,

201 1914 292 1974 Grata
307 1912 466 1974 Medusaei
480 1911 568 1987 signa
582 1913 692 1972 tenetis
707 1912 793 1987 equit

158 1999 341 2059 Dissensere
357 1996 443 2056 deae.
472 1995 604 2077 Quarum
618 1990 823 2074 Polyhymnia
837 1995 940 2070 coepit

108 2087 144 2146 lc
197 2082 305 2141 Prima.
333 2081 423 2141 silent
437 2079 529 2153 aliae,
546 2079 688 2154 dictaque
702 2081 803 2139 mente
818 2084 934 2159 notant.

159 2165 244 2226 ‘Post
263 2166 368 2240 cbaos,
384 2172 417 2225 ut
431 2163 561 2239 primum
576 2162 648 2223 data
663 2168 735 2222 sunt
748 2162 806 2222 tria
821 2177 954 2238 corpora
965 2161 1089 2233 mundo,

200 2251 296 2324 inque
313 2264 411 2309 novas
426 2247 549 2326 species
569 2261 661 2306 omne
674 2247 805 2307 recessit
819 2261 910 2328 opus,

159 2334 298 2392 Pondere
313 2339 394 2393 terra
408 2328 465 2407 suo
481 2330 623 2403 subsedit
637 2337 667 2390 et
679 2345 817 2406 aequora
830 2329 936 2400 traxit:

201 2419 242 2476 At
255 2417 374 2478 caelum
388 2416 497 2476 levitas
513 2415 544 2474 in
559 2414 628 2486 loca
643 2413 762 2486 summa
775 2414 850 2475 tulit.

110 2505 143 2558 lb
159 2500 211 2560 Sol
228 2515 351 2576 quoque
366 2515 435 2560 cum
450 2499 546 2560 stellis
561 2499 645 2568 nulla
662 2499 809 2573 gravitate
824 2502 959 2558 retentus

200 2584 238 2642 Et
256 2600 315 2643 vos
332 2585 468 2644 Lunares
483 2583 633 2645 exiluistis
653 2583 735 2657 equi.

161 2666 223 2728 Sed
238 2682 340 2742 neque
353 2668 447 2727 Terra
462 2667 514 2728 diu
529 2667 636 2740 Caelo,
653 2682 710 2725 nec
725 2671 826 2738 cetera
839 2653 964 2727 >boabo

202 2750 311 2810 Sidera
326 2749 485 2810 cedebant.
514 2759 651 2826 parerat
666 2749 764 2809 omnis
778 2747 890 2810 honos.

161 2833 262 2910 Saepe
276 2835 387 2910 aliquis
405 2833 498 2904 solio,
516 2834 601 2908 quod
615 2841 662 2907 tu,
677 2833 821 2907 Saturne,
836 2830 973 2903 tenebas,

106 2930 144 2982 πο
200 2921 306 2978 Ausus
323 2918 362 2977 de
377 2915 478 2977 media
494 2916 583 2993 plebe
597 2918 708 2990 sedere
724 2917 812 2976 deus.

159 3002 196 3061 Et
211 3003 290 3062 latus
309 3003 430 3062 Oceano
448 3001 588 3073 quamvis
604 3001 681 3060 deus
697 3001 818 3082 advena
832 2999 938 3069 iunxit,

202 3085 318 3164 Tethys
334 3091 471 3156 extremo
487 3098 583 3159 saepe
597 3091 723 3160 recepta
736 3085 805 3144 loeo
822 3090 884 3144 est:

161 3170 266 3229 Donec
278 3169 385 3230 Houor
400 3166 588 3245 placidoque
603 3166 717 3227 decens
731 3163 915 3226 Reverentia
929 3165 1014 3224 voltu

205 3251 342 3328 corpora
355 3250 497 3328 legitimis
512 3250 681 3337 inposuere
695 3250 780 3309 toris.

107 3344 143 3396 aa
157 3334 234 3394 Hine
251 3343 318 3396 sata
330 3335 492 3411 Maiestas,
509 3349 589 3410 quae
602 3333 747 3394 mundum
761 3338 910 3407 temperat
925 3345 1060 3392 omuemt

204 3418 332 3494 Quaque
347 3419 397 3479 die
412 3426 504 3497 parvi
515 3423 562 3480 est
577 3418 675 3492 edita,
691 3429 801 3495 magna
815 3415 871 3474 luit
