2318 3960
399 183 401 186 ’
440 220 467 296 r,
490 217 526 294 a,
549 220 683 284 ro-oa

161 377 289 448 Horam,
304 372 483 448 propositae
499 389 578 448 quae
594 375 672 434 foret
686 384 756 450 apta
772 374 848 435 viae.

65 467 101 520 65
116 464 175 521 Ter
189 460 280 519 limen
295 457 393 532 tetigi,
410 463 455 516 ter
467 473 536 516 sum
548 465 728 528 revocatus,
746 465 775 516 et
790 459 857 533 ipse

161 543 325 617 Indulgens
341 541 441 601 animo
454 557 511 615 pes
527 541 599 599 mihi
615 543 719 601 tardus
735 551 808 601 erat.

117 628 220 702 Saepe
235 625 305 684 vale
320 625 400 684 dioto
416 640 523 684 rursus
539 641 606 684 sum
621 627 713 685 multa
728 626 857 701 loculus,

160 711 197 770 Et
211 707 299 785 quasi
314 708 479 768 discedens
499 710 606 768 oscula
620 725 740 769 summa
755 710 836 771 dedi.

118 795 219 870 Saepe
234 792 343 853 eadem
357 791 500 851 mandata
515 792 602 867 dedi,
617 809 728 867 uaeque
743 793 812 868 ipsc
828 795 929 868 fefelli,

63 888 101 941 ao
159 877 341 953 Respiciens
357 876 453 936 oculis
470 878 598 951 pignora
613 893 684 936 cara
698 877 783 936 meis.
964 883 1067 958 [qnam

117 962 257 1037 Denique
272 960 363 1035 ‘Quid
379 966 534 1035 propero?
557 959 684 1036 Scythia
699 967 754 1033 est,
772 979 832 1036 quo
845 964 1007 1039 mittimur’‚
1023 965 1066 1023 in·

157 1046 267 1106 ‘Roma
281 1044 483 1118 relinquenda
499 1049 554 1102 est.
590 1051 719 1118 utraque
732 1045 812 1106 iusta
826 1063 910 1107 mora
925 1057 980 1108 est.

115 1131 202 1190 Uxor
216 1130 246 1187 in
262 1135 418 1188 aetornum
433 1127 504 1186 vivo
520 1127 592 1187 milri
607 1128 678 1186 viva
692 1136 826 1204 negatur,

156 1213 194 1273 Et
209 1214 319 1273 domus
335 1217 365 1270 et
376 1211 458 1271 lidae
473 1211 574 1270 dulcia
587 1211 723 1271 membra
737 1212 855 1288 domna,

64 1305 99 1358 65
116 1297 264 1372 Quosque
278 1311 336 1370 ego
352 1296 485 1355 fraterno
502 1295 594 1353 dilexi
610 1310 695 1354 more
709 1296 843 1371 sodales,

159 1378 182 1439 0
198 1380 270 1438 miln
284 1379 404 1438 Thesea
418 1384 545 1453 pectora
560 1379 661 1438 iuncta
675 1379 751 1438 fidet

114 1466 194 1525 Dum
208 1463 292 1534 licet,
309 1463 484 1538 amplectar.
520 1478 685 1537 numquam
700 1462 831 1524 fortasse
846 1464 947 1525 licebit

156 1548 307 1623 Amplius.
344 1546 373 1605 in
389 1547 474 1608 lucro
490 1553 537 1606 est
552 1561 630 1620 quae
645 1547 733 1607 datur
746 1546 823 1608 hora
833 1547 928 1607 mihi'

114 1633 177 1691 Nec
192 1646 291 1704 mora,
308 1632 459 1691 sermonis
476 1629 569 1689 verba
583 1629 750 1705 inperfecta
764 1633 913 1706 relinque,

63 1725 98 1780 lu
157 1715 369 1790 complectens
385 1715 486 1774 animo
501 1713 641 1789 proxima
657 1730 798 1790 quaeque
814 1731 892 1776 meo.

112 1799 191 1858 Dum
206 1799 318 1874 loquor
332 1805 362 1856 et
376 1797 501 1871 flemus,
517 1797 603 1858 caelo
616 1798 816 1860 nitidissimus
832 1801 901 1872 alto,

156 1881 250 1942 Stella
264 1882 368 1956 gravis
384 1881 489 1955 nobis,
504 1881 626 1941 Lucifer
640 1888 724 1943 ortus
738 1891 811 1944 erat.
986 1945 993 1954 ,

111 1966 240 2026 Dividor
253 1965 337 2026 haud
351 1965 450 2040 aliter,
468 1980 558 2039 quam
575 1966 601 2024 si
615 1981 684 2024 mea
698 1966 832 2025 membra
846 1964 1023 2040 relinquam,

154 2049 192 2108 ut
206 2065 279 2124 pars
296 2048 435 2123 abrumpi
451 2063 581 2123 corpore
596 2049 664 2107 visa
679 2064 735 2107 suo
752 2055 807 2108 cst.

61 2141 95 2196 la
111 2133 164 2193 Sic
180 2133 277 2193 doluit
290 2131 390 2192 Metus
405 2139 491 2206 tunc,
508 2147 575 2192 cum
590 2133 621 2191 in
636 2133 787 2191 contraria
802 2147 911 2192 versos

154 2217 277 2276 Ultores
293 2215 399 2277 habuit
413 2215 597 2290 proditionis
613 2231 721 2290 equos.

109 2301 185 2359 Tum
200 2315 274 2360 vero
291 2299 426 2359 exoritur
441 2299 556 2358 clamor
570 2300 764 2374 gemitusque
778 2315 923 2374 meorum,

153 2384 191 2442 Et
205 2383 316 2443 feriunt
330 2390 466 2442 maestae
481 2390 607 2458 pectora
621 2384 704 2442 nuda
720 2399 836 2444 manus.

109 2469 185 2527 Tum
201 2482 272 2527 vero
289 2468 436 2540 coniunx,
453 2467 587 2526 humeris
602 2466 742 2527 abeuntis
758 2467 929 2540 inhaerens,

58 2559 94 2613 80
151 2551 274 2613 Miscuit
287 2550 365 2610 haec
379 2550 511 2610 lacrimis
528 2550 623 2610 tristia
638 2550 719 2611 dieta
733 2551 813 2611 suis:

109 2634 188 2694 ‘Non
206 2641 294 2710 potes
310 2634 410 2694 avelli.
446 2634 550 2707 simul,
567 2642 598 2692 a!
615 2634 704 2693 simul
719 2634 840 2694 ibimus’
856 2633 968 2708 inquit=

151 2720 205 2778 ‘Te
219 2734 333 2794 sequar
348 2725 377 2778 et
392 2718 524 2778 coniunx
537 2717 635 2777 exulis
651 2718 722 2777 exul
738 2733 800 2778 ero.

109 2802 147 2861 Et
161 2801 233 2861 milri
249 2804 328 2862 facta
343 2803 393 2861 via
408 2809 463 2861 cst.
499 2809 528 2860 et
542 2817 590 2860 me
605 2801 687 2874 capit
701 2801 804 2861 ultima
820 2801 921 2861 tellus:

148 2887 305 2945 Accedam
319 2886 470 2960 profugae
485 2885 606 2944 sarcina
620 2901 718 2959 parva
728 2885 794 2944 rati.

55 2976 90 3030 85
106 2968 148 3028 Te
165 2968 248 3028 iubet
263 2985 281 3028 a
297 2970 395 3044 patria
412 2969 573 3029 discedere
588 2968 728 3028 Caesaris
743 2968 797 3040 ira,

149 3052 198 3111 Me
212 3054 321 3128 pietas.
358 3052 458 3127 pictas
473 3052 550 3111 hacc
565 3051 636 3110 mihi
653 3052 765 3111 Caesar
779 3051 843 3109 erit.

105 3136 190 3194 Talia
203 3135 385 3212 temptabat,
401 3136 480 3196 sicut
493 3142 693 3209 temptaverat
708 3140 785 3205 ante,

147 3218 272 3295 Vixque
287 3220 371 3279 dedit
387 3220 482 3279 victas
498 3218 623 3278 utilitate
637 3234 755 3276 manus.
924 3280 926 3283 ,

103 3303 301 3376 llgrcdior,...
318 3304 384 3363 sive
399 3303 474 3362 illud
489 3309 553 3360 erat
567 3302 634 3359 sine
649 3300 755 3360 funere
770 3300 852 3373 ferri,

55 3391 90 3444 90
150 3384 318 3461 Squalidus
333 3386 469 3444 inmissis
484 3383 563 3442 hirta
579 3398 634 3456 per
651 3399 705 3442 ora
721 3383 826 3442 comis.

104 3468 161 3528 Illa
176 3469 285 3528 dolore
299 3483 405 3527 amens
420 3465 553 3526 tenebris
570 3474 709 3527 narratur
724 3465 839 3525 obortis
