2318 3960
428 202 470 280 11,
495 205 670 270 llo-ata.

129 359 182 420 Sic
195 358 319 432 iterum,
335 359 381 418 sic
397 375 492 434 saepe
511 361 631 419 cadunt.
661 358 718 419 Ubi
734 358 857 420 vincere
871 369 976 438 aperte

170 443 237 503 Non
253 443 356 517 datur,
372 443 500 503 insidias
516 457 661 517 armaque
676 449 755 502 tecta
769 452 886 518 parant.

58 537 112 590 215
129 527 263 602 Campus
278 533 352 586 erat.
381 527 481 602 campi
496 527 680 586 claudebant
692 526 797 587 ultima
812 529 906 588 colles

172 609 318 685 Silvaque
332 614 493 671 montanas
511 610 652 671 occulere
667 616 739 685 apta
753 610 844 671 ieras.

128 696 162 754 ln
178 693 280 754 medio
296 708 413 768 paucos
429 701 626 769 armentaque
641 709 710 753 rara
723 694 906 770 relinquunt,

172 779 278 838 Cetera
292 777 431 852 virgultis
447 777 550 837 abdita
565 777 653 839 turba
667 778 748 837 latet.

15 867 28 903 ³
128 863 209 923 Ecce
224 862 309 922 velut
322 868 442 922 torrens
458 863 548 922 undis
564 861 749 936 pluvialibus
768 869 887 938 auctus,

61 951 114 1004 alo
169 947 233 1006 Aut
247 946 333 1020 nive,
350 961 431 1019 quae
444 947 582 1022 zephyro
600 946 680 1005 victa
693 953 817 1020 tepente
832 946 907 1019 fluit,

126 1029 184 1089 Per
198 1035 265 1089 sata
279 1045 397 1105 perque
411 1029 478 1089 vias
501 1031 610 1101 lertuu,
626 1044 700 1103 nee,
715 1037 747 1089 ut
762 1037 831 1090 ante
846 1032 974 1103 solebat,

168 1113 315 1188 Riparum
331 1113 452 1173 clausas
467 1113 603 1187 margine
618 1112 684 1172 finit
698 1129 809 1187 aquas:

128 1197 181 1258 Sic
195 1196 280 1256 Fabii
294 1198 406 1257 vallem
417 1197 485 1257 latis
500 1197 691 1257 discursibus
706 1198 840 1272 implent,

169 1280 320 1356 Quodque
334 1281 452 1356 vident,
469 1287 614 1342 sternunt.
644 1296 702 1340 nec
716 1288 814 1341 metus
830 1283 906 1341 alter
919 1281 1006 1342 inest.

60 1378 110 1430 teti
127 1365 308 1439 Quamuis,
326 1381 478 1440 generosa
493 1366 625 1425 domus?
647 1365 726 1424 male
742 1365 865 1425 creditis
880 1366 969 1426 hosti.

168 1447 306 1523 Simplex
321 1449 480 1524 nobilitas,
497 1450 617 1524 perlida
630 1451 691 1509 tela
705 1457 796 1510 cave!

127 1532 248 1593 Fraude
263 1533 341 1607 perit
355 1533 460 1593 virtus.
489 1534 522 1592 ln
537 1541 660 1608 apertos
675 1533 812 1607 undique
828 1550 955 1610 campas

170 1616 335 1677 Prosiliunt
348 1617 469 1692 hostes,
486 1622 516 1677 et
529 1620 608 1678 latus
625 1633 716 1678 omne
729 1625 840 1678 tenent.

129 1701 206 1775 Quid
224 1701 335 1772 iaciant
348 1701 439 1777 pauci
454 1709 559 1762 contra
573 1708 617 1762 tot
631 1701 712 1760 milia
728 1702 842 1762 iortest

62 1805 116 1858 230
174 1783 306 1859 Quidve,
323 1785 408 1860 quod
423 1786 453 1844 in
468 1786 580 1846 misero
596 1793 733 1860 tempore
747 1794 854 1862 restet,
869 1786 1000 1848 habenti

14 1924 23 1965 ‚
132 1868 217 1930 Sicut
230 1884 307 1943 aper
320 1870 411 1944 longe
426 1869 513 1929 silvis
527 1868 730 1929 Laurentibus
747 1878 832 1931 actus

14 1972 22 2051 p
171 1951 329 2013 Fulmineo
345 1954 462 2013 celeres
477 1953 607 2027 dissipat
622 1967 676 2010 ore
690 1967 793 2029 canes,

130 2037 204 2096 Mox
219 2043 319 2095 tamen
334 2036 402 2112 ipse
419 2037 509 2111 perit,
526 2037 571 2096 sie
587 2053 647 2096 non
663 2036 832 2097 moriuntur
845 2038 939 2098 inulti.

172 2121 371 2196 volneraque
386 2121 501 2180 alterna
516 2120 649 2194 dantque
664 2120 825 2196 feruntque
840 2138 941 2181 manu.

62 2218 115 2272 235
130 2204 200 2265 Una
215 2203 282 2263 dies
297 2203 408 2264 Fabios
424 2203 462 2262 ad
480 2203 590 2263 bellum
605 2204 728 2263 miserat
743 2220 866 2265 omnes:

172 2287 224 2346 Ad
238 2286 350 2347 bellum
365 2288 478 2347 missos
495 2288 627 2363 perdidit
640 2303 701 2347 nna
715 2288 792 2348 dies.

129 2371 170 2431 Ut
183 2376 283 2430 tamen
298 2372 467 2432 Herculeae
487 2380 687 2447 superessent
702 2373 818 2432 semina
833 2373 941 2448 gentis,

171 2454 321 2515 Credibile
336 2463 383 2515 est
401 2457 488 2531 ipsos
504 2455 699 2516 consuluisse
712 2457 799 2517 deos.

129 2539 205 2599 Nam
221 2554 297 2613 puer
311 2539 452 2615 impubes
470 2546 499 2599 ct
513 2539 614 2598 adhuc
628 2554 688 2598 non
704 2542 785 2601 utilis
801 2541 892 2601 armis

63 2633 117 2686 ilo
173 2622 259 2682 Unus
275 2622 314 2683 de
328 2623 422 2683 Fabia
436 2631 525 2698 gente
540 2622 662 2682 relictus
679 2631 757 2683 erat:

125 2705 250 2768 Scilicet
262 2712 296 2765 ut
311 2723 422 2782 posses
438 2707 510 2766 olim
524 2713 570 2777 tu,
586 2706 734 2781 Maxime,
750 2709 844 2781 nasci,

14 2822 31 2992 ῐ
171 2790 223 2851 cui
240 2805 290 2850 res
306 2791 477 2851 cunctando
492 2789 679 2850 restituenda
695 2790 782 2851 loret.

490 2923 539 2986 14.
561 2924 618 2984 EN

125 3044 306 3106 Continuata
319 3046 389 3104 loco
405 3045 462 3105 tria
477 3045 592 3122 sidera,
610 3047 726 3106 Corvus
742 3053 773 3105 et
785 3047 913 3122 Anguis,

167 3128 205 3188 Et
219 3129 338 3190 medius
355 3129 459 3190 Crater
473 3130 550 3189 inter
567 3137 730 3206 utrumque
744 3130 832 3190 iacet.

67 3221 117 3274 245
132 3211 238 3273 ldibus
254 3213 305 3274 illa
319 3214 420 3274 latent.
450 3214 585 3274 oriuntur
599 3219 688 3274 nocte
706 3213 855 3293 sequenti.

173 3295 257 3370 Quae
272 3297 331 3358 sibi
346 3313 400 3358 cur
413 3297 471 3357 tria
486 3299 546 3358 siut
560 3299 753 3374 consociata,
771 3314 886 3359 canam.

43 3430 45 3433 .
131 3380 222 3441 Forte
236 3381 302 3442 lovi
315 3381 457 3443 Phoebus
472 3382 583 3442 festum
598 3383 745 3443 sollemne
759 3383 917 3459 parabat..

10 3416 29 3824 ι
72 3503 73 3506 ¹
171 3463 239 3524 Non
255 3465 346 3525 faciet
359 3465 468 3541 longas
483 3465 585 3525 fabula
600 3473 705 3528 nostra
720 3483 853 3528 moras...

800 3550 855 3611 1⁵*
