2318 3960
409 236 464 310 111,
484 235 642 306 ste-tv,
663 234 715 300 ³5.

348 467 497 550 tinuit
536 466 785 560 autarith

145 606 264 713 ‘Alma
288 640 378 721 lave,’
395 639 458 700 dixi
473 638 674 714 ‘geminorum
688 645 785 700 mater
797 639 980 704 Amommt’

184 724 235 784 Ad
250 731 350 784 vatem
365 724 466 785 voltus
481 723 594 783 rettulit
606 721 658 782 illa
672 739 760 784 suos.

143 808 237 883 ‘Quid
251 805 316 866 tihi’
331 806 374 867 ait
388 811 540 866 ‘mecumt
562 812 644 867 certe
657 806 773 867 maiora
787 806 931 872 canebas.

182 891 258 951 Num
273 898 361 951 vetus
376 890 407 949 in
420 889 504 950 molli
520 896 645 966 pectore
659 892 770 951 volnus
784 890 920 952 habest’
994 923 996 926 ·

111 985 128 1035 5
143 973 234 1048 escis,
251 974 332 1049 dea,’
347 973 495 1048 respondi
509 973 563 1033 ‘de
578 974 726 1034 volnere!
753 975 828 1049 risit,
845 982 874 1035 et
888 976 991 1036 aether

181 1057 321 1117 Protinus
337 1073 376 1117 ex
391 1059 449 1128 illa
459 1062 545 1132 parte
560 1071 686 1117 serenus
701 1065 775 1116 erat.

141 1140 300 1211 ‘Saucius
317 1157 355 1200 an
371 1156 476 1213 sanus,
491 1140 640 1214 numquid
654 1145 705 1199 tua
720 1139 807 1216 signa
820 1141 949 1217 reliquit
990 1216 992 1219 Ι

180 1226 225 1285 Tu
238 1222 311 1282 mihi
325 1226 526 1300 propositum,
546 1230 578 1282 tu
592 1221 669 1302 mihi⁴
679 1238 801 1299 semper
817 1238 905 1299 opus.

141 1307 227 1381 Quae
239 1307 354 1382 decuit,
379 1307 482 1384 primis
497 1307 564 1366 sine
579 1306 703 1366 crimine
716 1306 843 1367 lusimus
859 1309 962 1368 annisa

93 1402 127 1452 10
182 1391 268 1450 Nune
283 1391 388 1454 teritur
401 1391 515 1451 nostris
530 1405 602 1449 area
615 1389 712 1449 maior
727 1389 825 1466 equis.

141 1476 292 1549 Tempora
307 1490 376 1535 cum
391 1474 503 1549 causis,
522 1472 682 1533 annalibus
698 1479 783 1534 eruta
796 1473 917 1550 priscis,

183 1559 348 1634 Lapsaque
363 1557 421 1618 sub
444 1565 541 1618 terras
557 1563 686 1632 ortaque
700 1556 789 1632 signa
803 1572 890 1618 cano.

140 1642 290 1702 Venimus
306 1642 346 1701 ad
362 1647 509 1716 quartum,
534 1655 594 1716 quo
610 1646 641 1700 tu
656 1639 854 1702 celeberrima
867 1656 984 1702 mense.

168 1724 219 1795 ,itt
234 1732 333 1785 vatem
348 1733 377 1785 et
391 1739 528 1784 mensem
543 1723 620 1797 seis,
642 1725 764 1800 Venus,
787 1740 859 1786 esse
873 1729 967 1786 tuos!

93 1816 125 1868 15
139 1807 223 1868 Mota
237 1808 416 1884 Cytheriaca
430 1809 537 1868 leviter
551 1822 620 1866 mea
633 1814 773 1882 tempora
788 1814 887 1886 myrto

183 1891 313 1966 Contigit
326 1898 356 1951 et
369 1892 529 1966 ‘coeptum
544 1891 670 1966 perflce’
685 1891 761 1951 dixit
774 1895 891 1972 lepras?

142 1974 316 2049 Sensimus,
338 1982 369 2034 et
386 1990 498 2036 causae
514 1974 613 2034 subito
631 1980 756 2050 patuere
771 1975 897 2036 dierum.

183 2058 260 2117 Dum
274 2057 344 2117 lieet
358 2066 387 2118 et
402 2059 520 2134 spirant
536 2057 669 2132 flamina,
685 2059 773 2118 navis
788 2065 846 2118 eat.

142 2140 174 2201 Sl
191 2157 251 2214 qua
265 2148 364 2212 tamen
380 2158 453 2217 pars
468 2148 498 2200 te
513 2142 553 2200 de
567 2141 655 2202 lastis
670 2147 796 2216 tangere
810 2142 909 2215 debet,

97 2233 131 2285 lo
188 2224 316 2300 Caesar,
339 2225 368 2284 in
384 2225 498 2301 Aprili,
522 2240 583 2300 quo
598 2225 740 2299 tenearis,
757 2224 863 2285 habeo.

139 2307 195 2367 Hic
212 2307 251 2367 ad
266 2316 296 2367 te
311 2324 420 2383 magna
434 2308 594 2372 descendit
608 2307 739 2383 imagine
753 2310 877 2384 mensio,

179 2390 217 2449 Et
235 2390 268 2450 lit
282 2390 427 2468 adoptiva
442 2392 597 2452 nobilitate
610 2398 690 2453 tuus.

138 2474 205 2533 Hoc
220 2481 307 2549 pater
320 2476 445 2549 iliades,
462 2491 529 2535 cum
544 2477 667 2551 longum
682 2476 828 2536 scriberet
842 2491 963 2550 annum,

179 2557 277 2632 Vidit,
301 2565 332 2618 et
345 2565 485 2618 auctores
503 2560 614 2618 rettulit
627 2559 696 2634 ipse
714 2576 799 2620 suos.

90 2649 122 2702 25
138 2641 238 2714 thue
253 2643 317 2700 lero
330 2641 418 2701 Marti
434 2641 561 2716 primam
576 2642 661 2702 dedit
675 2643 781 2703 ordine
796 2649 918 2715 sortem,

179 2723 267 2797 Quod
282 2724 340 2784 sibi
355 2725 491 2785 nascenti
506 2725 646 2800 proxima
661 2739 755 2786 causa
769 2726 832 2802 luit,

139 2807 191 2866 Sic
205 2807 355 2867 Venerem
369 2807 514 2883 gradihus
529 2808 629 2868 multis
647 2809 677 2868 in
692 2816 782 2882 genta
795 2815 947 2886 repertam

178 2891 312 2952 Alterius
329 2891 422 2953 voluit
435 2891 549 2951 mensis
564 2890 678 2951 habere
691 2892 806 2951 loeumz
979 2903 981 2908 ·

138 2973 381 3050 Principiumque
396 2975 443 3035 sui
459 2974 580 3050 generis
594 2975 793 3050 revolutaque
809 2993 959 3050 quaerella

88 3065 123 3118 30
179 3056 325 3130 Saecula,
343 3065 492 3132 cognatos
508 3057 590 3118 venit
603 3058 745 3132 adusque
760 3059 846 3120 deos.

138 3141 301 3201 Dardanon
315 3142 435 3202 Electra
449 3141 581 3202 nesciret
594 3141 749 3202 Atlantide
763 3151 864 3203 natum

177 3223 314 3299 Scilicet,
335 3225 475 3286 Electran
491 3224 696 3285 concubuisse
709 3226 794 3285 lavit

137 3307 233 3367 Huius
248 3307 477 3369 Erichthonius:
498 3308 574 3369 lhos
590 3314 638 3368 est
651 3315 814 3383 generatus
828 3308 867 3370 ab
881 3311 949 3373 illo:

176 3392 353 3453 Assaracon
369 3397 452 3452 creat
465 3391 529 3466 hie,
550 3393 786 3469 Assaracusque
804 3392 919 3471 Capyn.

87 3479 120 3533 ³5
139 3473 295 3535 Proximus
310 3475 478 3551 Anchises,
502 3491 571 3535 cunr
587 3490 647 3552 quo
664 3490 822 3537 commune
837 3479 970 3552 parentis
