2318 3960
357 195 380 271 1,
401 194 452 271 10,
473 192 595 274 ct-lt,
616 194 646 272 1,
668 195 720 259 62,

58 360 97 415 25
110 349 156 410 Tu
169 347 243 415 mibi
257 347 397 422 narrasti,
419 347 605 428 commultis
620 347 740 412 lucibus
755 361 825 411 ante

151 431 276 494 Fuderit
289 432 436 493 assiduas
451 431 572 492 nubilus
587 439 690 493 auster
703 449 814 508 aquas,

112 515 240 587 Numine
254 515 379 577 caelesti
394 517 491 577 solem
506 514 631 576 fulsisse
646 531 797 589 serenum,

155 600 230 662 Cum
244 599 350 676 populi
365 600 451 660 vultu
464 597 666 660 conveniente
681 599 741 660 die.

112 685 216 759 Atque
228 685 272 744 ita
284 683 433 744 victorem
448 698 519 746 eum,
531 698 660 757 maguae
674 684 762 745 vocis
777 682 895 744 honore

60 777 98 832 ³0
151 768 267 828 Bellica
280 766 412 828 laudatis
427 767 509 827 dona
524 765 651 828 dedisse
665 767 749 842 viris,

113 851 262 928 claraque
278 857 467 927 sumpturum
482 849 580 925 pietas
596 849 726 926 insignia
740 857 855 926 vestes,

152 936 233 996 Tura
247 935 333 1010 prius
348 934 463 995 sanetis
479 933 657 1009 inposuisse
673 934 761 1010 iocis,

112 1019 323 1094 Iustitiamque
338 1019 384 1077 sui
400 1025 484 1079 caste
500 1018 644 1092 placasse
659 1017 804 1093 parentis,

153 1103 209 1165 Illo
224 1118 305 1178 quae
320 1104 463 1176 templum
480 1106 606 1176 pectore
620 1117 744 1178 semper
757 1101 857 1162 habet.

57 1195 95 1250 ³5
113 1187 241 1261 Quaque
255 1186 331 1262 ierit,
352 1185 426 1246 felix
441 1184 591 1246 adiectum
606 1185 767 1260 plausibus
783 1193 881 1257 omen,

155 1268 301 1345 Saxaque
316 1270 428 1331 roratis
443 1269 603 1333 erubuisse
616 1269 708 1330 rosis.

112 1353 253 1416 Protinus
268 1361 394 1429 argento
410 1367 521 1414 versos
534 1352 681 1414 imitantia
694 1369 800 1415 muros

155 1437 292 1499 Barbara
306 1453 375 1499 cum
389 1436 480 1513 pictis
496 1437 614 1512 oppida
627 1438 689 1497 lata
702 1437 787 1513 viris,

112 1521 312 1597 Fluminaque
327 1530 357 1582 et
370 1527 491 1582 montes
506 1528 536 1581 et
549 1520 579 1580 in
594 1521 663 1581 altis
678 1521 796 1597 proelia
810 1520 908 1592 silvis,

59 1611 98 1665 40
152 1606 310 1680 Armaque
324 1620 393 1667 eum
408 1605 478 1666 telis
493 1605 522 1664 in
538 1613 623 1666 strue
635 1604 730 1666 mixta
744 1621 810 1667 sua.

108 1690 216 1764 Deque
232 1696 436 1764 tropaeorum,
460 1689 545 1763 quod
560 1689 608 1749 sol
623 1689 800 1762 incenderit,
824 1704 898 1750 auro

151 1775 255 1834 Aurea
267 1773 397 1833 Romani
413 1779 492 1834 tecla
507 1772 604 1834 luisse
618 1772 686 1834 ton.

110 1859 228 1931 Totque
243 1857 352 1920 tulisse
368 1857 464 1917 duces
480 1856 610 1931 captivis
625 1856 730 1916 addite
745 1855 832 1917 collis
863 1885 864 1888 ¹

152 1941 292 2014 Vincula,
312 1955 412 2016 paene
424 1939 524 2001 hostis
541 1946 616 2014 quot
631 1940 708 2000 satis
722 1955 793 1999 esse
807 1938 872 1999 luit.

59 2030 97 2082 45
112 2023 246 2085 Maxima
259 2040 333 2099 pars
348 2023 457 2085 horum
472 2023 564 2084 vitam
580 2022 762 2097 veniamque
776 2023 916 2098 tulerunt,

153 2109 187 2167 ln
203 2107 314 2182 qulbus
330 2113 360 2167 et
372 2107 444 2168 belli
459 2124 578 2168 summa
592 2113 745 2181 caputque
758 2107 846 2168 Bato.

115 2191 176 2252 Cur
192 2207 250 2267 ego
265 2207 365 2267 posse
380 2207 490 2266 negem
504 2191 599 2253 minui
613 2189 685 2251 mihi
701 2191 833 2252 nuninie
847 2189 932 2262 iram,

157 2275 231 2336 Cum
247 2275 369 2337 videam
383 2276 465 2338 mitis
479 2275 621 2337 hostibus
636 2289 709 2336 esse
724 2275 823 2337 deest

114 2358 238 2420 Pertulit
251 2359 301 2419 hie
315 2359 397 2420 idem
412 2358 511 2431 nobis,
535 2358 723 2432 Germanice,
745 2374 858 2433 rumor,
911 2373 913 2376 ·

66 2453 102 2508 5⁰
157 2441 279 2518 Oppida
293 2441 352 2505 sub
365 2444 451 2504 titulo
467 2442 598 2504 nominis
615 2442 679 2503 isse
693 2442 746 2503 tui.

115 2527 218 2601 Atque
232 2543 268 2587 ea
284 2534 313 2588 te
326 2533 433 2587 contra
447 2543 505 2588 neo
520 2527 597 2588 muri
611 2527 701 2601 mole,
724 2541 781 2586 nec
795 2526 898 2599 armis,

157 2611 221 2671 Nec
236 2610 311 2672 satis
326 2610 449 2685 ingenio
464 2617 528 2672 tuta
542 2611 640 2671 luisse
653 2609 723 2669 loci.

115 2694 151 2754 Di
166 2693 219 2754 tibi
235 2694 308 2756 dent
321 2701 436 2755 annos!
457 2701 602 2755 alenam
617 2697 720 2752 cetera
734 2708 847 2767 sumes,

157 2777 224 2839 Sint
237 2778 330 2841 modo
346 2778 447 2838 virtuti
461 2784 600 2852 tempora
615 2777 708 2852 longa
721 2784 804 2837 tuae:

68 2871 103 2924 55
119 2861 206 2935 Quod
222 2877 341 2937 precor,
363 2861 495 2922 eveniet.
527 2860 605 2921 Sunt
619 2860 765 2934 quiddam
780 2860 908 2920 oracula¹
920 2865 1032 2920 vatum.

157 2945 234 3004 Nam
249 2945 327 3006 deus
345 2945 460 3021 optanti
475 2959 627 3021 prospera
641 2944 730 3019 signa
744 2942 837 3002 dedit.

117 3027 158 3086 Te
173 3044 299 3103 quoque
313 3029 461 3090 victorem
474 3028 621 3104 Tarpeias
636 3027 787 3088 scandere
802 3026 832 3086 in
847 3039 936 3090 arces

157 3112 252 3173 Laeta
267 3112 421 3174 coronatis
436 3111 534 3173 Roma
549 3110 665 3171 videbit
678 3111 778 3184 equis.

118 3195 317 3271 Maturosque
332 3202 420 3272 pater
434 3195 496 3256 nati
510 3192 662 3270 spectabit
675 3193 819 3265 honores,

69 3288 106 3343 60
160 3279 279 3340 Gaudia
292 3279 477 3357 percipiens,
501 3295 580 3354 quae
595 3277 681 3338 dedit
694 3278 763 3354 ipse
777 3273 855 3337 suis.
874 3306 878 3317 κ

120 3364 180 3422 lam
195 3379 277 3424 nunc
291 3363 368 3426 haec
383 3381 403 3426 a
416 3379 474 3435 me,
497 3363 640 3424 iuvenum
657 3361 800 3436 belloque
813 3372 947 3436 togaque

158 3444 299 3519 Maxime,
320 3447 400 3508 diota
415 3445 468 3509 tibi
482 3445 668 3508 ¹vaticinante
681 3451 763 3508 nota.
