2318 3960
99 228 160 295 180
487 227 547 290 EX
566 226 712 290 ΡΟΝΤΟ

177 384 219 443 At
232 383 304 442 mibi
319 380 448 455 dilapsis
463 379 540 439 inter
554 394 636 439 nova
649 377 762 453 gaudia
776 394 858 439 curis

218 463 340 526 Excidit
353 464 504 539 asperitas
520 462 610 524 buius
625 462 730 536 iniqua
743 461 813 522 loci.

176 549 258 623 Ergo
273 547 341 621 ubi,
356 548 429 606 lane
442 546 565 621 biceps,
580 546 705 620 longum
719 543 909 607 reseraveris
927 561 1043 623 cinnami¹

219 632 329 691 Pulsus
344 637 374 689 ct
387 645 406 690 a
419 645 509 690 sacro
525 644 631 689 mense
644 627 814 690 December
828 629 893 703 erit,

126 719 161 772 25
174 715 310 789 Purpura
323 712 501 788 Pompeium
515 712 624 772 summi
639 711 753 772 velabit
764 711 902 788 honoriS,

218 798 263 856 Ne
276 796 369 856 titulis
385 796 548 871 qaucquam
562 795 674 856 debeat
686 795 737 855 ille
751 796 827 857 suis.

178 881 309 941 cernere
323 880 383 938 iam
396 879 507 940 videor
519 879 618 953 rumpi
639 879 809 954 penetralia
822 879 919 954 turba,

218 964 256 1024 Et
270 965 417 1038 populum
432 963 512 1022 laedi
528 962 689 1022 deficiente
703 963 783 1036 loco,

175 1047 361 1122 Templaque
374 1045 521 1122 Tarpeiae
536 1046 666 1121 primum
679 1045 733 1104 tibi
747 1046 833 1107 sedis
848 1045 936 1119 adiri,

126 1130 162 1185 30
216 1130 253 1190 Et
266 1130 333 1190 lieri
347 1131 454 1190 faciles
471 1130 500 1188 in
515 1136 568 1189 tua
582 1135 654 1188 vota
669 1130 762 1189 deos=

175 1213 259 1273 Colla
272 1214 370 1274 boves
385 1213 494 1273 niveos
510 1218 611 1272 certae
627 1211 775 1286 praebere
789 1211 900 1285 securi,

213 1297 297 1370 Quos
313 1298 387 1357 aluit
402 1295 519 1370 campis
534 1294 630 1355 herba
643 1295 765 1356 Falisca
778 1295 862 1357 suisz

175 1381 311 1454 Cumque
326 1380 403 1441 deos
418 1395 540 1452 omnes,
560 1386 623 1438 turn
638 1394 718 1453 quos
731 1379 893 1455 inpensius
906 1393 1024 1455 aequos

213 1464 293 1523 Esse
307 1462 361 1522 tibi
377 1464 500 1537 cupias,
516 1478 584 1522 curn
598 1463 672 1522 lovc
687 1462 801 1523 caesar
814 1462 882 1523 erit.

124 1547 159 1602 35
174 1547 263 1607 Curia
281 1553 311 1606 te
325 1547 470 1620 excipiet,
491 1553 656 1620 patresque
671 1562 688 1606 e
702 1562 789 1607 more
802 1546 904 1606 vocati

214 1629 374 1689 intendent
389 1644 481 1689 aures
496 1630 536 1688 ad
551 1635 602 1688 tua
616 1630 711 1689 verba
725 1645 809 1690 suas.

172 1713 237 1772 Hos
252 1712 305 1772 ubi
320 1712 452 1772 lacundo
467 1719 520 1771 tua
533 1728 595 1771 vox
610 1713 784 1772 hilaraverit
798 1728 861 1783 ore,

212 1795 313 1870 thue
328 1797 421 1868 solet,
436 1795 536 1854 tulerit
549 1811 700 1871 prospera
711 1797 810 1856 verba
824 1796 901 1868 dies,

27 1949 30 1955 ¹
177 1878 284 1954 Egeris
299 1884 329 1938 et
342 1878 464 1938 meritas
480 1879 601 1952 superis
617 1895 685 1938 cum
701 1879 833 1940 Caesare
845 1885 989 1955 grates..-

130 1957 166 2013 40
211 1961 267 2035 Qui
282 1978 420 2037 causam,
436 1962 531 2021 iacias
547 1977 600 2021 cur
614 1963 654 2022 ita
668 1978 778 2038 saepe,
797 1962 912 2024 dabit...

173 2046 247 2105 lnde
263 2046 386 2106 domum
400 2051 521 2119 repetes
538 2051 601 2105 toto
618 2046 781 2106 comitante
800 2052 919 2122 senaar,

217 2128 358 2189 Olficium
372 2128 479 2204 populi
493 2129 546 2188 vix
562 2130 702 2203 capiente
718 2130 822 2192 domo.

172 2212 222 2271 Me
236 2212 395 2284 miserum,
411 2211 500 2271 turba
515 2211 599 2287 quod
615 2228 676 2271 non
691 2228 749 2287 ego
765 2229 874 2279 cernar
888 2212 920 2277 iu
935 2211 996 2285 ille,

214 2295 277 2353 Nec
293 2301 436 2368 poterunt
449 2294 516 2354 istis
531 2296 645 2354 lumina
660 2304 766 2357 nostra
780 2297 854 2358 lrui!

122 2384 156 2438 45
171 2376 339 2451 Quamlibet
351 2378 524 2452 absentem,
541 2394 602 2452 qua
617 2395 760 2454 possum,
775 2386 877 2441 mente
890 2378 1019 2441 videbor

213 2460 354 2535 Aspiciet
368 2461 469 2521 vultus
485 2463 622 2523 consulis
638 2462 689 2521 illa
703 2464 761 2523 sui.

170 2542 208 2602 ni
222 2544 347 2617 iaciant,
363 2544 465 2618 aliquo
482 2545 591 2605 subeat
605 2544 657 2604 tibi
671 2552 810 2623 tempore
826 2552 968 2609 nostrum

210 2627 342 2703 Nomen,
358 2634 387 2688 et
401 2629 507 2688 ‘Heul’
524 2628 610 2688 dicas
628 2630 715 2704 ‘quid
730 2632 824 2692 miser
837 2630 887 2690 ille
902 2628 1006 2691 lacitt'

170 2709 254 2770 Haec
268 2717 319 2770 tua
333 2711 488 2787 pertulerit
502 2712 528 2770 si
544 2713 613 2786 quis
628 2712 700 2772 mihi
714 2716 824 2789 verba,
839 2713 960 2775 fatebor

118 2799 155 2852 50
207 2793 348 2855 Protinus
364 2795 487 2856 exilium
502 2795 623 2855 mollius
638 2811 712 2857 esse
724 2815 834 2859 meum.

116 2971 164 3066 5.·
208 3008 752 3074 nosnxrumnounnium.

172 3089 235 3198 lte,
252 3127 338 3187 leves
353 3128 445 3203 clegi,
462 3129 570 3189 doctas
585 3131 626 3190 ad
640 3132 777 3193 consulis
796 3148 898 3208 aures,

208 3208 371 3285 Verbaque
385 3210 534 3273 honorato
550 3215 626 3275 lente
640 3215 771 3290 legenda
786 3216 862 3278 viro.

166 3295 272 3368 Longa
285 3293 335 3353 via
348 3301 405 3355 est.
435 3312 493 3356 nec
509 3313 567 3358 vos
583 3298 712 3373 pedibus
729 3299 898 3374 proceditis
912 3299 1021 3378 aequis

204 3376 357 3452 Tectaque
370 3377 500 3440 brumali
514 3379 572 3440 sub
583 3382 654 3443 nive
668 3389 749 3443 terra
763 3385 843 3444 latet.

140 3467 157 3517 5
173 3460 243 3520 Cum
258 3458 390 3536 gelidam
402 3461 539 3524 Thracen
555 3471 585 3525 et
600 3472 739 3542 opertum
753 3466 887 3529 nubibus
901 3466 1040 3530 Haemon
