2318 3960
405 225 458 301 v1,
475 224 653 289 sil-446.

104 379 243 439 Nondum
257 376 445 438 conveniens
460 377 592 439 diversis
610 380 671 440 iste
685 381 792 456 tiginis

57 475 90 528 to
146 463 263 523 Nomen
279 460 318 521 ab
334 477 446 521 averso
465 469 589 538 ceperat
607 478 696 524 amne
711 463 799 526 deus.

103 547 159 607 Hie
177 560 301 621 quoque
315 545 403 606 luens
419 552 498 618 erat,
521 546 620 607 iuncis
635 555 666 607 et
680 548 829 611 arundine
846 549 963 611 densus

145 630 184 690 Et
198 629 279 705 pede
295 629 397 688 velato
412 645 475 690 non
489 630 633 691 adeunda
648 633 748 707 palus.
786 699 788 705 ,
882 646 891 662 ’

104 714 219 788 Stagna
231 721 430 774 recesserunt
443 721 474 774 el
486 729 585 789 aquas
601 731 659 775 sua
672 715 739 792 ripa
754 724 884 792 eoereet,

146 796 297 872 Siccaque
312 813 392 858 nune
405 798 506 858 tellus.
533 812 602 859 mos
617 805 718 858 tamen
733 799 805 861 inde
821 807 933 861 manet.

57 893 88 947 15
104 881 293 942 Reddiderat
306 896 443 942 eausam.
471 883 608 954 ‘Valeas
627 895 705 943 anus
720 884 869 959 optimat’
893 884 972 945 dlxi:

147 965 249 1041 ‘Quod
264 971 407 1040 superest
420 965 505 1039 aevi,
528 967 620 1026 molle
635 966 675 1028 sit
689 982 789 1040 omne,
809 968 876 1028 tui?

105 1050 212 1111 Cetera
224 1050 286 1109 iam
299 1049 419 1125 pridem
434 1049 526 1109 didiei
541 1050 711 1126 puerilibus
726 1051 824 1126 annis,

145 1134 212 1193 Non
228 1141 328 1193 tamen
345 1133 461 1196 ideireo
478 1134 702 1210 praetereunda
715 1134 797 1194 mihi.

104 1217 227 1278 Moenia
240 1217 433 1278 Dardanides
447 1233 547 1294 nuper
560 1233 645 1278 nova
659 1219 772 1278 leserat
785 1218 863 1280 Ilus=

57 1319 92 1372 ω
148 1303 211 1363 Ilus
226 1302 328 1361 adhue
341 1300 437 1362 Asiae
452 1301 542 1363 dives
557 1301 690 1364 habebat
702 1317 797 1377 opes:

106 1385 243 1446 Creditur
263 1385 424 1445 armiferae
438 1387 559 1462 signum
577 1386 710 1447 caeleste
723 1385 880 1447 Minervae

146 1469 237 1532 Urbis
252 1470 283 1529 in
300 1469 412 1530 iliacae
427 1470 594 1531 desiluisse
608 1470 690 1545 iuga.

106 1555 184 1614 Cura
197 1553 304 1614 videre
321 1553 386 1614 luit.
413 1554 477 1614 vidi
491 1555 699 1631 templumque
713 1554 887 1631 loeumque.

147 1638 214 1699 Hoe
230 1645 372 1713 superest
386 1637 444 1696 illi:
475 1637 600 1699 Pallada
614 1639 712 1699 Roma
725 1645 817 1698 tenet.

57 1737 93 1789 te
111 1721 283 1784 consulitur
298 1720 490 1797 Smintheus,
505 1723 638 1798 lueoquo
652 1723 804 1784 obseurus
821 1737 920 1798 opaoo

146 1807 213 1867 Hos
227 1821 289 1865 non
304 1805 429 1867 mentito
444 1807 579 1867 reddidit
592 1821 647 1867 ore
661 1821 773 1868 sonos:

107 1890 304 1953 ‘Aetherearn
318 1898 440 1951 servate
455 1890 560 1964 deam,
581 1889 744 1950 servabitls
758 1886 886 1950 Urbem=

148 1975 315 2050 Imperium
326 1988 432 2035 seeum
444 1974 608 2035 transferet
621 1974 673 2033 illa
686 1972 769 2033 loei’

109 2060 233 2132 Servat,
255 2066 286 2120 et
298 2059 449 2119 inclusam
462 2074 582 2118 summa
596 2063 678 2117 tenet
690 2057 752 2117 Ilus
767 2055 798 2116 ln
813 2070 893 2130 aree,

57 2151 93 2205 ³0
151 2143 292 2217 Curaque
306 2142 347 2202 ad
365 2142 511 2203 heredem
524 2142 733 2203 Laomedonta
746 2139 835 2200 redit.

108 2226 172 2288 Sub
186 2225 306 2286 Priamo
323 2233 445 2286 servata
460 2242 577 2302 pamm.
606 2226 652 2286 sie
666 2226 736 2301 ipsa
750 2223 882 2296 volebat,

148 2311 196 2369 Ex
213 2325 273 2384 quo
290 2310 403 2370 iudicio
419 2311 516 2370 forma
531 2309 647 2371 revicta
662 2325 719 2370 sue
735 2315 791 2367 est.

109 2394 171 2455 Seu
185 2408 283 2469 genus
297 2394 441 2469 Adrasti,
460 2410 519 2455 seu
533 2394 620 2454 furtis
635 2398 726 2468 aptus
739 2391 855 2464 Ulixes,

151 2477 214 2538 Seu
228 2478 298 2553 pius
313 2479 439 2539 Aeneas
453 2478 605 2553 eripuisse
620 2477 718 2537 datur.

57 2577 95 2632 as
108 2563 227 2623 Auctor
239 2561 270 2622 in
285 2563 412 2623 incerto.
441 2576 492 2622 ree
507 2567 560 2622 est·
569 2561 722 2620 Romana.>
745 2566 844 2619 tuetur

152 2647 265 2720 Vesta,
282 2645 367 2720 quod
383 2645 511 2706 assiduo
526 2643 640 2704 lumine
655 2649 766 2704 anneta
779 2641 873 2703 videt.

108 2731 176 2790 Heu
193 2736 340 2803 quantum
350 2729 478 2789 timuere
493 2733 612 2804 patres,
630 2742 692 2800 quo
707 2733 846 2801 tempore
861 2727 959 2786 Veste

151 2814 250 2888 Arsit,
267 2823 297 2874 et
311 2821 359 2874 est
373 2811 477 2891 adytis
493 2811 601 2872 obruta
614 2824 714 2886 paene
728 2811 809 2871 suist

108 2896 290 2971 Flagrabant
305 2896 402 2958 saneti
418 2895 575 2957 sceleratis
590 2892 711 2970 ignibus
731 2893 828 2968 ignes,

57 2992 97 3045 ,40
152 2980 310 3055 Mixtaque
325 2987 389 3040 erat
404 2979 547 3040 flammae
561 2977 685 3039 flamma
697 2977 829 3052 prolana
843 2978 922 3053 piae.

109 3065 264 3125 Attonitae
278 3063 395 3124 flebant
408 3064 546 3125 demisso
562 3063 646 3123 crine
664 3061 837 3121 ministram

151 3148 329 3209 Abstulerat
343 3148 425 3208 vires
442 3147 582 3224 eorporis
599 3147 667 3222 ipse
681 3145 781 3205 timor.

108 3231 252 3293 Provolat
266 3233 297 3292 in
311 3232 459 3308 medium,
474 3238 505 3292 et
517 3246 628 3307 magna
642 3227 857 3291 ‘Sueeumitet’
871 3239 962 3302 vom,

150 3316 229 3377 ‘Non
249 3323 298 3378 est
311 3316 459 3378 auxilinm
473 3315 560 3376 flere’
573 3314 715 3376 Metellus
729 3312 780 3373 ait.

57 3406 98 3460 ‚45
112 3399 256 3474 ‘Pignora
270 3400 417 3476 virgineis
432 3400 536 3461 letalia
549 3398 645 3459 tollite
660 3396 784 3472 palmlst

151 3485 220 3543 Non
236 3499 274 3544 ea
287 3492 361 3546 sunt
375 3491 464 3558 voto,
480 3482 537 3544 sed
551 3480 700 3558 rapienda
714 3486 822 3542 manat
879 3531 882 3540 .
