2318 3960
459 201 516 277 111,
537 149 693 264 4r-1aa.
792 224 794 227 v
924 179 928 182 ’
1027 199 1096 269 etr

105 361 143 417 86
158 353 242 414 ltlars
257 354 343 414 Latio
357 352 552 414 venerandus
568 360 647 429 erat,
664 354 736 428 quia
750 355 908 429 praesidet
921 358 1022 417 armis.

197 439 291 498 Arma
304 440 388 498 ierne
402 436 484 512 genti
498 452 625 510 remque
640 437 799 512 decusque
815 438 937 499 dabant.

159 521 248 596 Quod
263 522 289 580 si
304 522 383 582 forte
396 537 504 593 vacas,
527 522 708 596 peregrinos
722 522 841 597 inspice
856 524 971 584 saetosa

200 604 316 666 Mensis
332 607 363 664 in
378 606 426 665 his
441 605 532 665 etiam
547 604 669 665 nomine
684 605 788 666 Martis
804 607 870 668 erit.

158 689 277 749 Tertius
292 688 437 762 Albanis,
461 689 583 764 quintus
598 688 654 749 luit
667 689 717 748 ille
730 689 874 750 Faliscis:

105 781 145 836 90
202 770 314 834 Sextus
330 774 414 848 apud
428 772 581 847 populos,
603 772 735 832 Hernica
748 780 838 847 terra,
858 781 938 836 tuoe.

159 857 240 915 Inter
253 857 397 917 Aricinos
411 856 595 930 Albanaque
609 863 749 932 tempora
764 864 884 918 constat

199 938 354 1016 Factaque
368 941 512 1014 Telegoni
526 939 649 1000 moenia
662 941 747 999 celsa
760 958 862 1002 nianu.

49 1029 51 1034 ’
161 1023 301 1097 Quintum
315 1025 496 1096 Laurentes,
518 1023 566 1084 bis
582 1024 718 1098 quintum
734 1025 923 1098 Aequiculus
939 1042 1005 1087 ace·

199 1109 229 1167 A
242 1107 339 1168 tribus
354 1108 435 1167 hunc
450 1107 580 1182 primum
593 1106 682 1167 turba
696 1107 839 1168 Curensis
856 1108 957 1170 habel.

104 1191 196 1254 90131
213 1191 268 1251 tibi
283 1207 352 1252 cum
366 1192 508 1267 proavis,
531 1191 618 1250 miles
632 1190 771 1265 Peligna,
795 1189 917 1251 Sabinis

148 1305 150 1309 .
201 1274 358 1335 Convenit
385 1275 457 1335 huic
470 1275 552 1350 genti
568 1285 693 1350 quartus
707 1275 829 1349 utrique
844 1277 931 1337 deus.

160 1359 309 1420 Romulus
323 1358 382 1419 hos
398 1375 504 1419 omnes
520 1366 554 1420 ut
566 1359 702 1419 vinceret
717 1359 824 1419 ordine
838 1360 954 1435 saltem,

201 1442 363 1518 Sanguinis
378 1444 497 1504 auctori
510 1451 651 1518 tempora
664 1444 760 1519 prima
775 1443 867 1502 dedit.

160 1527 223 1586 Nec
236 1527 363 1588 totidem
377 1533 514 1602 veteres,
534 1534 608 1602 quot
622 1542 717 1600 nunc,
733 1527 868 1587 habuere
882 1526 1048 1589 Kalendas.

88 1619 144 1672 100
200 1610 255 1670 Ille
268 1611 368 1671 minor
381 1611 509 1686 geminis
524 1610 682 1671 mensibus
697 1627 795 1671 annus
811 1620 884 1671 erat.

160 1694 302 1756 Nondum
315 1695 482 1755 tradiderat
494 1696 592 1755 victas
607 1695 774 1755 victoribus
789 1701 870 1754 artes

204 1779 346 1852 Graecia,
369 1779 547 1853 facundum,
563 1780 620 1838 sed
634 1781 713 1838 male
729 1779 805 1839 lorte
820 1794 930 1853 genus.

163 1863 218 1937 Qui
238 1862 318 1922 bene
334 1863 505 1938 pugnabat,
527 1863 696 1923 Romanam
711 1869 839 1922 noverat
853 1868 962 1922 artem=

201 1946 320 2006 Mittere
335 1946 387 2021 qui
402 1951 521 2021 poterat
534 1946 611 2020 pila,
630 1946 762 2006 disertus
777 1954 850 2005 erat.

95 2043 148 2096 105
165 2030 238 2104 Quis
253 2037 325 2090 tunc
341 2037 391 2090 eut
404 2029 532 2107 Hyadas
548 2036 600 2090 aut
612 2029 753 2089 Pleiadas
766 2030 924 2088 Atlanteas

74 2140 76 2144 ’
205 2113 365 2188 Senserat,
387 2121 439 2173 aut
452 2114 590 2189 geminos
606 2129 677 2173 esse
692 2113 748 2172 sub
764 2128 824 2172 axe
837 2113 949 2188 polos?

161 2200 241 2258 Esse
260 2199 337 2259 duas
351 2200 478 2270 Arctos,
502 2214 630 2273 quarum
645 2197 806 2275 Cynosura
821 2202 939 2271 petatur

204 2282 354 2355 Sidoniis,
376 2281 500 2341 Helicen
517 2282 607 2341 Graia
623 2282 725 2341 carina
739 2287 844 2341 notet?

164 2362 319 2440 Signaque
336 2381 415 2440 quae
429 2366 522 2440 lango
537 2367 629 2425 irater
641 2373 823 2441 percenseat
837 2381 926 2439 anno,

93 2461 149 2515 110
200 2451 248 2508 Ire
262 2466 319 2524 per
331 2448 408 2508 haec
422 2466 485 2510 uno
500 2465 606 2509 mense
621 2450 737 2510 sororis
754 2455 875 2524 equos?

160 2533 270 2593 Libera
283 2532 445 2592 currebant
458 2540 489 2592 et
503 2532 698 2593 inobservata
712 2550 767 2608 per
781 2548 894 2593 annum

203 2616 321 2678 Sidera.
351 2617 511 2676 constabat
525 2616 582 2676 sed
596 2625 697 2677 tamen
714 2633 785 2676 esse
801 2617 888 2677 deos.

160 2700 226 2761 Non
242 2701 283 2760 illi
300 2701 385 2760 caelo
399 2700 532 2761 labentia
546 2700 634 2774 signa
646 2700 797 2772 tenebant,

203 2784 346 2855 Sedena,
371 2800 449 2859 quae
463 2801 606 2859 magnum
621 2783 751 2859 perdere
766 2785 878 2843 crimen
893 2791 967 2844 erat

92 2878 145 2931 110
159 2869 214 2928 Illa
228 2869 352 2942 quidem
367 2869 468 2928 10000.
498 2869 555 2928 sed
570 2877 635 2928 erat
648 2868 820 2927 reverentia
834 2867 926 2927 laena

202 2951 350 3025 Quantam
365 2967 445 3011 nunc
460 2952 578 3027 aquilas
594 2950 694 3012 cernis
709 2950 823 3010 habere
835 2958 915 3010 tuas.

161 3035 280 3096 Pertica
294 3050 467 3110 suspensos
483 3036 625 3111 portabat
638 3037 729 3109 longa
744 3034 905 3108 maniplos,

200 3120 289 3180 Unde
305 3120 480 3194 maniplaris
496 3122 618 3180 nomina
632 3119 719 3179 miles
733 3116 834 3177 habet.

160 3204 241 3278 Ergo
257 3204 348 3264 animi
362 3203 512 3263 indociles
527 3208 558 3263 et
571 3203 671 3263 adhuc
685 3201 802 3261 ratione
818 3206 956 3261 carentes

94 3296 147 3348 120
200 3287 358 3348 Mensibus
373 3293 500 3361 egerunt
513 3288 609 3346 lustra
628 3286 747 3346 minora
768 3286 893 3345 decem..

161 3373 269 3431 Annus
286 3378 359 3446 erat,
374 3369 524 3432 decimum
539 3386 607 3430 cum
621 3371 693 3429 luna
705 3377 865 3444 receperat
879 3368 995 3429 arbem.

200 3453 257 3513 llic
274 3470 417 3516 numerus
432 3469 543 3530 magno
558 3460 629 3514 tune
643 3452 674 3512 in
688 3451 806 3511 honore
821 3452 884 3513 luit.
