2318 3960
119 257 183 319 290
507 251 760 313 Fasrossunt

136 419 188 475 765
203 407 287 467 Neve
303 407 403 466 minus
420 407 531 466 multos
546 404 698 480 redigam,
719 419 809 480 quarn
825 418 914 463 mane
929 403 1053 466 luerunt

243 491 327 550 Neve
342 505 462 567 gemam
476 491 614 549 reterens
630 488 746 547 vellera
759 492 848 563 rapta
862 487 948 564 lupo.

202 574 293 635 Absit
306 575 412 651 iniqua
426 573 533 634 lames.
563 571 678 632 herbae
692 571 883 647 frondesque
895 572 1066 649 supersint,

247 658 392 735 Quaeque
407 659 510 718 lavent
524 654 623 729 artus,
642 669 785 732 quaeque
798 654 958 735 bibantur,
974 674 1087 734 aquae.

202 742 305 802 Ubera
319 743 410 819 plena
424 756 571 818 premam.
602 739 716 800 relerat
731 737 803 799 mihi
818 754 930 800 caseus
945 756 1028 816 aera,

140 833 196 889 tto
252 828 392 903 Demque
406 826 487 885 viam
504 822 621 900 liquido
637 823 751 883 vimina
765 826 836 883 rar'a
854 838 936 884 sero.

204 908 311 986 Sitque
326 911 414 971 salax
429 910 525 982 aries,
542 914 754 985 conceptaque
770 907 888 968 semina
902 908 1038 973 coniunx

245 995 381 1069 Reddat,
396 1001 426 1054 et
439 995 469 1053 in
485 990 605 1054 stabulo
621 992 715 1052 multa
732 991 772 1052 sit
785 1005 866 1067 agna
880 1006 960 1052 meo.

203 1075 350 1155 Lunaque
365 1078 526 1154 proveniat
540 1076 638 1137 nullas
652 1077 776 1136 laesura
791 1076 917 1151 puellas,

245 1161 346 1223 lllollis
362 1169 391 1223 et
405 1162 446 1222 ad
459 1169 581 1222 teneras
597 1158 762 1236 quamlibet
777 1165 849 1234 apta
862 1165 982 1224 manus.

140 1247 191 1303 775
208 1244 291 1318 Quae
305 1260 430 1322 precor,
448 1245 598 1305 eveniant.
628 1251 659 1304 et
672 1259 731 1304 nos
747 1243 894 1304 iaciamus
909 1246 950 1306 ad
966 1262 1079 1309 arnum

246 1330 407 1391 Pastorum
423 1329 566 1389 dominae
580 1327 711 1405 grandia
724 1327 786 1387 liba
799 1325 887 1386 Pali!

204 1413 259 1473 His
274 1415 334 1474 dea
348 1413 501 1489 placanda
516 1418 573 1474 est.
603 1412 680 1472 haec
695 1418 728 1472 tu
742 1418 914 1472 conversus
928 1412 970 1473 atl
985 1419 1072 1474 ortus

244 1497 301 1558 Dic
315 1504 439 1572 quater,
456 1503 485 1556 et
501 1496 572 1556 vivo
587 1497 693 1571 perlue
707 1502 779 1555 rore
793 1490 913 1577 maritis,

202 1582 276 1642 Tum
292 1581 362 1641 llcct
375 1580 533 1657 adposita,
551 1580 644 1640 veluti
659 1585 793 1663 cratere,
807 1578 938 1665 cannella

139 1671 191 1729 780
246 1666 308 1726 Lac
323 1665 445 1726 niveum
460 1671 550 1741 potes
566 1660 813 1740 purpureamque
829 1662 951 1741 saptiam

203 1749 339 1823 Moxque
354 1763 409 1824 per
423 1746 566 1808 ardentes
582 1747 715 1823 stipulae
729 1746 906 1822 crepitantis
921 1760 1056 1810 acervos

245 1831 381 1911 Traicias
392 1831 489 1909 ‚celeri
504 1830 631 1906 strenua
648 1830 786 1891 membra
800 1830 891 1917 pede.

203 1915 373 1992 Expositos
387 1932 456 1977 mos
471 1923 529 1977 est.
556 1913 653 1976 Moris
667 1914 741 1975 mihi
757 1921 853 1976 restat
867 1916 964 1992 origo.
1104 1987 1109 1994 ¹

246 2000 347 2061 Turba
361 2000 433 2061 lacit
448 1999 588 2074 dubium,
604 2005 776 2075 coeptaque
791 1998 898 2078 nostra
912 1996 1005 2083 tenet.

140 2095 191 2151 785
208 2082 316 2144 Omnia
330 2083 536 2166 purgatedax
551 2083 647 2160 ignis,
664 2083 832 2159 vitiumque
845 2084 979 2169 metallis

243 2168 406 2244 Excoquit.
434 2162 550 2228 idcirco
566 2182 635 2227 cum
650 2164 729 2228 duce
743 2168 961 2243 purgatoriae

204 2257 267 2325 An,
286 2252 359 2329 quia
372 2257 549 2313 cunctarum
565 2251 717 2313 contraria
732 2251 851 2312 semina
862 2268 964 2313 rerum

246 2335 324 2397 Sunt
338 2335 400 2397 duo
416 2335 594 2408 discordes,
610 2334 690 2410 ignis
705 2342 736 2395 et
749 2335 847 2412 unda,
864 2336 924 2409 dei,

204 2422 372 2482 iunxerunt
386 2420 536 2480 elementa
551 2425 669 2495 patres,
685 2426 853 2495 aptumque
867 2421 1014 2497 putarunt

140 2523 194 2579 790
249 2502 374 2578 Ignibus
389 2508 420 2564 et
436 2518 548 2579 sparsa
561 2509 686 2578 tangere
702 2519 816 2580 corpus
831 2511 934 2581 aquat

206 2592 270 2660 An,
289 2587 373 2663 quod
387 2587 418 2647 in
432 2587 481 2647 lits
498 2586 581 2647 vitae
596 2585 768 2664 causaest,
783 2587 860 2648 haec
874 2588 1008 2664 perdidit
1024 2591 1104 2665 exul.

244 2670 300 2732 His
315 2687 397 2732 nova
412 2672 447 2732 lit
460 2671 609 2743 coniunx,
625 2670 702 2731 haec
718 2671 779 2732 duo
794 2687 907 2747 magna
921 2679 1050 2749 putantt

203 2756 265 2815 Vix
280 2755 423 2830 equidem
438 2755 542 2833 credo.
574 2762 645 2816 sunt
660 2755 712 2829 qui
726 2755 915 2816 Phaethonta
929 2758 1036 2818 reterri

247 2838 379 2899 Credant
392 2845 422 2899 et
436 2838 545 2900 nimias
560 2839 757 2900 Deucalionis
774 2855 881 2915 aquas.

100 2944 110 2964 ·
141 2936 192 2992 795
207 2923 282 2984 Pars
300 2939 440 3000 quoque,
456 2939 525 2984 cum
540 2922 626 2984 saxis
643 2930 785 2999 pastores
800 2939 878 2983 saxa
893 2923 1032 2997 scribant,

249 3006 416 3067 Scintillam
433 3006 535 3087 subito
550 3006 732 3084 prosiluisse
747 3007 860 3067 lerunt=

205 3091 304 3150 Prima
319 3090 443 3166 quidem
457 3091 560 3167 periit,
576 3089 698 3167 stipulis
714 3098 845 3167 excepta
859 3092 997 3153 secunda
1010 3098 1069 3154 est.

249 3174 316 3235 Hoc
331 3181 541 3250 argumentum
556 3174 679 3235 tlamma
693 3174 799 3235 Parilis
814 3175 928 3235 habeti

205 3260 255 3319 An
269 3259 368 3333 magis
388 3260 469 3320 hunc
484 3263 601 3320 molem
615 3258 715 3334 pietas
729 3259 848 3319 Aeneia
863 3259 943 3335 lecit,

139 3349 194 3403 800
249 3343 416 3403 Innocuum
433 3343 515 3404 victo
531 3342 580 3404 cul
595 3342 680 3403 dedit
692 3343 771 3419 ignis
787 3343 863 3403 itort

204 3424 281 3485 Num
300 3432 401 3486 tamen
415 3432 463 3486 est
476 3441 550 3487 vero
563 3426 710 3503 propius,
726 3443 795 3487 cum
810 3427 934 3489 condita
948 3426 1122 3507 Romaest,

246 3509 415 3571 Transierri
431 3510 535 3570 iussos
551 3509 581 3568 in
596 3526 678 3571 nova
691 3517 770 3571 tecta
785 3512 879 3572 Lares
