2318 3960
409 233 437 304 l,
458 231 609 305 691-11,
629 229 670 291 35

326 465 473 546 licen
500 461 773 548 SECUNDU&

125 602 222 701 lanus
238 637 330 699 habet
346 638 447 698 tinem.
484 653 553 699 eum
568 637 702 697 carmine
716 638 827 697 crescit
840 644 870 698 et
885 654 1000 700 annus:

167 725 255 785 Alter
266 729 302 784 ul
318 723 369 783 hic
384 723 516 797 mensis,
540 722 586 782 sic
608 721 684 783 liber
698 721 773 782 alter
792 728 850 781 eat.

126 808 214 870 Nunc
229 808 358 883 primum
372 807 466 881 velis,
484 806 577 882 elegi,
589 805 758 867 maioribus
780 806 846 867 ilisa

164 892 332 967 Exiguum,
347 890 484 965 memini,
500 904 598 965 nuper
612 888 704 950 eratis
720 905 809 966 opus.

87 983 104 1035 5
123 977 196 1052 lpse
210 991 268 1051 ego
283 991 342 1037 uos
357 973 450 1035 habui
465 974 571 1035 faciles
586 971 617 1033 in
632 988 736 1034 amore
751 974 916 1050 ministros,

165 1060 238 1120 Cum
253 1059 327 1120 lusit
340 1057 475 1119 numeris
495 1058 593 1133 prima
607 1058 729 1118 iuventa
744 1058 819 1118 suis.

125 1145 210 1204 Idem
231 1159 322 1204 sacra
337 1158 413 1203 cano
430 1143 612 1218 signataque
627 1142 884 1217 temperationis:

166 1227 281 1303 Ecquis
296 1228 337 1287 ad
351 1227 428 1286 haec
442 1227 525 1287 illinc
540 1225 678 1286 crederet
693 1240 765 1285 esse
780 1225 881 1286 viamt

125 1313 210 1373 ilaec
225 1327 292 1371 mea
306 1311 411 1371 militia
425 1316 481 1371 est.
512 1310 636 1370 ierimus
652 1325 733 1386 quae
748 1325 925 1388 possumus,
941 1327 1031 1384 arura,

72 1410 108 1461 10
165 1398 341 1470 Dextraque
357 1412 418 1455 non
435 1395 516 1456 omni
538 1410 665 1454 munere
679 1399 785 1453 nostra
799 1401 898 1455 vacat.

127 1480 160 1542 Si
174 1480 248 1540 milri
261 1495 323 1539 non
337 1480 441 1540 valido
456 1486 638 1554 torquentur
651 1479 714 1554 pila
727 1478 851 1554 lacerto,

163 1565 227 1623 Nec
245 1563 400 1624 bellatoris
416 1569 503 1640 terga
516 1567 693 1640 premuntur
709 1563 789 1638 equi,

126 1649 189 1708 Nec
204 1649 293 1724 galea
307 1648 451 1724 tegimur,
468 1663 525 1707 nee
548 1654 638 1709 acuto
661 1648 810 1723 cingimur
824 1663 929 1724 ense..

166 1733 223 1793 ilis
237 1731 348 1793 habilis
368 1732 437 1793 telis
453 1731 579 1808 quilibet
594 1746 665 1792 esse
679 1737 811 1807 potest...

75 1830 110 1882 15
124 1818 165 1877 At
181 1822 231 1877 tua
245 1817 461 1891 prosequimur
475 1816 616 1877 studioso
632 1823 773 1891 pectore,
797 1815 919 1891 Cacsar,

168 1901 304 1975 Nomina,
321 1914 377 1975 per
392 1900 495 1960 titulos
511 1899 760 1975 ingredimurque
774 1904 854 1959 tuos.

126 1985 209 2059 Ergo
230 1985 306 2044 ades
322 1989 353 2043 el
366 1985 489 2058 placido
505 1984 629 2058 paulum
643 1999 712 2042 mea
727 1998 853 2043 munera
867 1984 949 2044 voltu

163 2067 312 2142 Respice,
335 2067 475 2142 pacando
492 2068 518 2127 si
533 2066 605 2141 quid
620 2066 658 2126 ab
673 2066 763 2127 hoste
784 2081 886 2126 vacas.

128 2151 247 2212 Februa
261 2150 390 2211 Romani
406 2152 511 2211 dixere
526 2150 659 2227 piamina
674 2157 786 2226 patres.

76 2246 113 2298 uo
168 2236 254 2295 Nune
270 2250 393 2310 quoque
409 2234 482 2296 dant
496 2236 591 2295 verbo
607 2234 736 2311 plurima
750 2235 838 2310 signa
854 2234 956 2294 tidem.

128 2318 291 2380 Pontifices
307 2318 344 2378 ab
359 2334 432 2393 rege
448 2325 553 2393 petunt
574 2325 604 2378 et
618 2317 741 2378 ilamine
756 2318 852 2392 lanas,

170 2402 243 2477 Quis
263 2409 400 2462 velerum
414 2402 518 2478 lingua
533 2404 641 2462 februa
655 2419 766 2463 nomen
779 2409 852 2462 erat.

130 2487 275 2562 Quaeque
290 2487 371 2562 capit
385 2488 473 2547 lictor
487 2486 629 2548 domibus
645 2487 825 2562 purgamina
840 2493 953 2560 temus,

167 2570 294 2630 Torrida
310 2586 377 2630 cum
392 2571 471 2631 mica
487 2572 581 2644 tarra,
603 2578 751 2633 vocantur
765 2571 861 2631 idem.

78 2665 113 2717 25
127 2654 244 2714 Nomen
259 2654 341 2713 idem
355 2670 456 2729 ramo,
481 2654 532 2728 qui
548 2669 658 2715 caesus
674 2654 713 2714 ab
728 2655 838 2715 arbore
852 2669 929 2730 pura

169 2739 261 2798 Casta
274 2740 469 2799 sacerdotum
483 2745 622 2814 tempora
636 2737 746 2798 fronde
760 2739 842 2814 tegit.

127 2822 200 2897 ipse
215 2837 273 2896 ego
294 2821 476 2882 flamininum
492 2829 671 2898 poscentem
688 2821 794 2882 februa
808 2821 886 2882 vidi:

168 2904 287 2966 Februa
301 2907 439 2982 poscenti
456 2907 549 2982 pinea
561 2907 647 2981 virga
663 2905 735 2965 duta
754 2914 810 2967 est.

127 2990 267 3065 Denique
281 2991 497 3065 quodcumque
509 2997 564 3064 est
581 3005 642 3066 quo
655 3004 787 3064 corpora
797 2995 903 3051 nostra
914 2989 1031 3065 piantur

78 3081 114 3135 30
168 3073 235 3132 Hoc
250 3073 332 3149 apud
348 3074 488 3135 intonsos
504 3089 614 3135 nomen
630 3073 764 3133 habebat
777 3088 865 3134 avos.

128 3157 245 3217 Mensis
259 3158 298 3217 ab
313 3159 362 3218 his
378 3159 492 3232 dietus,
517 3166 602 3220 secta
616 3158 687 3233 quia
703 3156 783 3232 pelle
798 3156 915 3232 luperci

169 3240 265 3301 Omne
280 3243 378 3302 solum
394 3243 535 3315 lustrant,
559 3242 652 3318 idque
670 3242 792 3317 piamen
814 3240 939 3301 habent:

129 3325 190 3385 Aut
204 3325 276 3399 quia
290 3327 418 3402 piaculis
434 3333 505 3387 sunl
518 3333 656 3402 tempora
671 3341 748 3402 pura
762 3322 942 3403 sepulchris,

168 3409 252 3469 Tunc
266 3424 335 3469 cum
350 3411 462 3472 ferales
477 3411 662 3485 praeteriere
676 3410 753 3471 dIes.

78 3503 114 3554 35
130 3489 225 3552 Omne
240 3495 331 3554 nefas·
344 3510 526 3572 omnemque
540 3496 611 3556 mali
626 3494 806 3572 purgamina
821 3508 944 3555 causam
