2318 3960
99 226 159 292 loo
477 229 729 294 FASTORUM

216 381 341 442 Pressit.
370 390 400 442 et
414 388 464 442 est
477 381 539 443 illis
553 383 622 443 visa
635 380 769 443 subesse
783 397 884 443 soror.

116 475 167 530 565
180 465 296 527 Nancta
315 472 410 526 mtem
426 466 616 543 comitesque
631 466 722 540 fugae
737 465 819 542 pede
832 465 944 526 labitur
958 482 1051 543 aeque

217 549 340 609 Moenia
353 549 540 626 respiciens,
557 550 647 609 dulce
662 549 779 610 sororis
796 564 885 625 opus.

177 632 297 693 Fertilis
314 639 361 693 est
374 632 477 692 Melite
495 632 589 693 sterili
604 632 705 692 vicina
720 632 859 712 Cosyrae

218 717 336 789 Insula,
353 732 445 793 quam
459 716 567 794 Libyci
586 715 728 776 verberat
741 717 825 776 unda
839 716 917 776 lreti.

177 799 264 859 Hanc
279 799 369 876 petit,
383 799 517 876 hospitio
532 800 614 876 regis
630 799 749 860 conlisa
762 806 895 860 vetusto.

14 899 17 902 ·
112 901 164 958 aio
217 883 341 959 Hospes
356 899 451 959 opum
465 884 553 944 dives
567 899 622 944 rex
638 882 680 942 ibi
693 884 800 943 Battus
815 891 890 944 erat.

178 966 234 1040 Qui
250 973 413 1043 postquam
428 966 534 1028 didicit
547 983 640 1027 casus
654 967 815 1041 utriusque
830 967 958 1042 sororia,

219 1051 328 1110 ‘Haeo’
345 1051 443 1126 inquit
457 1051 558 1112 ‘tellus
574 1051 851 1126 quantulacumque
865 1056 918 1111 tua
932 1057 1003 1113 est’

176 1132 214 1193 Et
228 1140 329 1195 tamea
342 1134 468 1209 hospitii
483 1141 641 1195 servasset
654 1135 695 1193 ad
708 1134 814 1194 rrltima
827 1143 954 1195 munus!

220 1218 284 1278 Sed
297 1219 396 1279 timuit
410 1233 536 1292 magnas
553 1217 763 1296 Pygmalionis
778 1231 867 1293 opes.

112 1314 164 1370 575
180 1299 274 1375 Signa
288 1309 484 1361 recensuerat
499 1302 547 1362 bis
569 1302 616 1361 sol
632 1317 699 1362 sua
726 1300 834 1362 tertius
851 1300 915 1362 ibat

219 1387 340 1446 Annus.
363 1392 393 1443 ct
407 1385 498 1445 exilio
513 1391 593 1445 terra
609 1385 748 1460 paranda
761 1399 843 1444 nova
863 1393 920 1445 est.

177 1467 282 1528 Frater
295 1470 383 1532 adest
397 1468 560 1546 ⁸‚belloque
574 1469 658 1543 petit.
686 1485 743 1528 rex
757 1483 842 1528 arma
860 1485 992 1544 perosus

219 1553 295 1612 ‘Nos
310 1567 418 1612 sumus
432 1551 577 1626 inbelles,
592 1559 622 1611 tu
637 1552 709 1628 iuge
724 1566 837 1627 sospes
846 1556 867 1611 ε’
882 1553 934 1613 ait.

176 1634 265 1696 lussa
278 1636 368 1710 fugit,
386 1642 539 1710 ventoque
552 1641 648 1695 ratem
663 1634 818 1695 committit
833 1643 864 1696 et
878 1638 981 1698 undis.

113 1729 165 1783 580
219 1720 370 1794 asperior
384 1719 494 1793 quovis
509 1734 644 1795 aequore
659 1720 752 1779 irater
766 1725 839 1779 erat.

177 1801 232 1862 Fst
247 1819 344 1878 prope
357 1803 502 1878 piscosos
516 1801 652 1877 lapidosi
667 1801 818 1863 Crathidis
833 1819 940 1864 amnes

219 1887 334 1947 Parvus
351 1902 440 1961 agera
468 1887 613 1947 Cameren
629 1885 729 1949 incola
745 1885 832 1946 turba
846 1896 948 1949 vocat.

178 1972 251 2031 llluc
266 1986 374 2030 cursus
391 1973 464 2030 crat
493 1986 551 2030 nec
565 1971 687 2046 longius
702 1969 778 2031 aluit
790 1968 871 2044 inde,

218 2055 314 2128 Quam
333 2059 478 2129 quantum
492 2053 600 2115 novies
615 2054 733 2114 mittere
747 2053 843 2114 lunda
857 2061 972 2129 potest.

113 2143 164 2196 585
180 2139 258 2198 Vela
271 2138 383 2198 cadunt
399 2139 513 2213 primo,
529 2144 559 2197 et
574 2136 669 2198 dubia
682 2135 830 2198 librantur
843 2139 882 2198 ab
897 2156 982 2200 aura.

219 2221 351 2281 ‘Findite
365 2221 506 2296 remigio’
520 2221 623 2280 navita
639 2219 715 2280 dixit
728 2225 872 2295 ‘aquast’

177 2307 318 2378 Dumque
332 2310 440 2378 parant
453 2311 532 2364 torto
548 2304 722 2364 subducere
737 2303 867 2364 carbasa
881 2304 955 2380 lino,

219 2387 384 2446 percutitur
397 2386 507 2462 rapido
521 2387 636 2463 puppis
651 2387 773 2448 adunca
786 2396 868 2461 noto,

177 2472 272 2545 Inque
287 2476 396 2546 patens
412 2486 543 2546 aequor,
560 2473 671 2531 trustra
684 2479 841 2547 pugnante
853 2472 1010 2548 magistro,

114 2565 166 2620 590
219 2555 340 2628 Fertur,
356 2561 440 2615 etex
455 2555 552 2616 oculis
568 2557 637 2616 visa
649 2556 759 2631 refugit
773 2554 896 2616 humus.

178 2639 332 2699 Adsiliunt
346 2637 473 2714 lluctus,
489 2639 612 2716 imoque
626 2655 645 2698 a
660 2639 778 2714 gurgite
793 2646 905 2714 pontus

220 2722 368 2796 Vertitur,
385 2729 415 2782 et
428 2738 522 2783 canas
537 2726 644 2784 alveus
659 2723 759 2783 haurit
772 2738 881 2796 aquas.

177 2806 317 2882 Vincitur
331 2822 382 2867 ars
395 2812 498 2867 vento.
526 2823 584 2867 nec
600 2809 660 2865 iarn
674 2807 850 2867 moderator
868 2805 997 2866 habenis
1019 2829 1023 2836 ·

220 2890 332 2963 Utitur,
353 2898 404 2951 aut
416 2891 498 2951 votis
512 2888 561 2950 his
577 2905 701 2966 quoque
715 2889 817 2965 poscit
831 2905 932 2965 opem.

115 2987 167 3044 ⁶95
182 2976 312 3034 lactatur
325 2976 457 3035 tumidas
472 2976 544 3034 exul
558 2974 731 3035 Phoenissa
749 2990 806 3049 per
818 2973 929 3044 undas,

222 3057 393 3132 Umidaque
408 3058 552 3133 opposita
565 3058 678 3118 luminu
693 3064 781 3119 veste
794 3057 877 3132 tegit.

178 3143 261 3202 Tune
276 3141 406 3216 primum
421 3142 500 3202 Dido
515 3142 589 3202 felix
603 3147 651 3201 est
666 3141 747 3202 dicta
761 3141 871 3213 sorori,

220 3225 258 3286 Et
273 3241 484 3300 quaecumque
498 3225 631 3300 aliquam
647 3240 777 3301 corpore
793 3224 906 3300 pressit
918 3225 1051 3288 humum.

180 3309 294 3383 Figitur
309 3309 348 3369 ad
362 3310 499 3370 Laurens
512 3309 626 3386 ingenti
640 3307 764 3370 flamine
778 3309 848 3369 litus

117 3401 168 3456 600
221 3392 351 3468 Puppis,
367 3400 397 3452 et
411 3392 560 3468 expositis
576 3393 716 3455 omnibus
730 3393 840 3453 hausta
855 3391 942 3468 perit

182 3475 243 3535 lam
262 3475 332 3551 pius
346 3476 469 3537 Aeneas
483 3491 578 3552 regno
594 3483 726 3553 nataque
739 3476 837 3538 Latini
