2318 3960
375 211 433 284 lv,
457 210 493 285 ⁹,
513 209 649 273 stow-96.

134 363 251 425 succes
271 379 307 424 or
323 362 397 424 tanti
414 363 507 423 irater
522 363 650 425 honoris
669 362 734 423 erit.

90 446 167 508 liam
180 445 234 508 libi
249 447 366 508 linitum
384 462 519 519 summo,
537 446 700 520 Graeciae,
716 446 877 515 Decembri

43 541 74 597 50
130 529 294 608 Imperium
308 529 372 591 lani
392 529 523 605 suscipit
540 530 591 590 ille
611 530 671 589 die.

92 614 239 689 Quaeque
259 621 307 675 est
325 612 356 672 in
371 612 461 674 vobis
476 615 590 688 pietas,
611 614 727 677 alterna
742 613 845 676 ieratis

133 696 267 772 Gaudia,
282 703 314 758 tu
328 697 432 757 iratris
447 696 600 769 fascibus,
615 697 667 757 ille
681 696 751 763 luis.

93 779 145 842 Sic
159 787 191 840 lu
207 779 254 841 bis
270 779 366 841 lucris
386 781 512 855 consul,
531 779 581 841 bis
596 780 751 845 coosulat
768 782 827 854 ille,

132 866 230 940 laque
245 864 337 924 domo
356 863 454 925 bimus
474 864 681 940 conspicietur
693 863 804 926 honor.

43 955 74 1009 55
91 947 147 1023 Qui
167 963 352 1023 quamquam
367 954 415 1008 cst
430 947 548 1022 ingens,
565 953 596 1008 et
610 948 725 1011 nullum
736 947 848 1008 Martia
862 964 980 1009 summo

132 1031 233 1092 Allius
247 1030 409 1107 imperium
424 1032 552 1092 consule
567 1033 667 1093 Roma
683 1030 775 1105 videl,

91 1113 271 1191 Multiplicat
283 1122 384 1176 tamen
398 1115 480 1176 hunc
494 1115 630 1189 gravitas
645 1113 780 1175 auctoris
794 1113 952 1185 honorem,

133 1198 172 1259 Et
185 1199 375 1260 maiestatem
389 1213 441 1259 res
456 1199 528 1259 data
542 1197 643 1261 dantis
658 1196 760 1257 habet.

90 1282 214 1343 Iudiciis
229 1281 319 1356 igitur
333 1282 424 1342 liceat
436 1281 612 1356 Flaccoque
623 1281 742 1355 tibique

43 1370 75 1426 lo
132 1366 256 1434 Talibus
269 1365 402 1441 Augusti
415 1373 535 1441 tempus
555 1367 586 1425 in
601 1380 692 1425 omne
707 1365 775 1424 irui.

89 1449 130 1511 Ut
143 1456 244 1510 tamen
264 1465 400 1510 ererum
419 1465 494 1511 cura
511 1449 659 1525 ‚propiore
672 1446 802 1520 vacabit,

133 1535 216 1594 Vola
234 1549 346 1610 precor
359 1533 440 1593 votis
456 1532 559 1596 addite
572 1539 678 1594 vestra
696 1531 782 1593 meis.

88 1617 168 1678 Etsi
189 1633 279 1692 quern
295 1615 379 1677 dabit
396 1616 600 1692 coracinum,
616 1618 717 1678 laxate
731 1615 888 1687 rudentes,

130 1701 260 1761 Excute
279 1699 395 1776 Stygiis
411 1706 443 1759 ut
456 1715 526 1759 mea
539 1701 627 1761 navis
645 1699 744 1775 aquis.

43 1791 74 1848 l5
87 1784 221 1845 Praeluit
234 1783 298 1859 his,
315 1783 478 1856 Graeciae,
494 1783 572 1844 locis
587 1784 680 1845 mocio
692 1782 834 1843 Flaccus.
864 1788 896 1842 ct
907 1780 959 1841 illo

131 1868 211 1944 Ripa
225 1868 314 1928 ferox
327 1866 422 1927 Histri
436 1865 495 1928 sub
510 1867 590 1928 duce
603 1873 668 1928 luta
683 1865 751 1925 luit.

89 1951 146 2010 Hic
159 1950 256 2011 tenuit
269 1950 377 2028 Mysas
393 1957 501 2025 gentes
517 1950 548 2008 in
564 1965 641 2025 pace
661 1949 759 2009 fideli:

132 2035 189 2095 Hic
203 2050 277 2095 arcu
289 2033 368 2094 fisos
382 2034 487 2095 lernrit
505 2049 581 2093 ense
596 2032 698 2092 Getas.

89 2117 145 2178 Hic
159 2126 277 2195 raptam
289 2117 429 2178 Trosmin
446 2117 537 2177 celeri
552 2116 663 2177 virtute
682 2114 807 2189 recepit,

43 2210 77 2264 Βο
133 2203 302 2277 iniecitque
316 2201 382 2261 iero
403 2201 552 2276 sanguine
566 2198 748 2261 Danubium.

91 2286 208 2359 Quaere
224 2285 284 2346 loci
299 2284 408 2345 faciem
424 2283 622 2361 Scythicique
636 2280 830 2343 incommoda
850 2280 935 2354 caeli,

132 2369 171 2429 Ε1
186 2384 278 2444 quam
292 2368 394 2428 vicino
409 2373 526 2428 terrear
538 2367 644 2440 hoste,
658 2381 750 2440 rogas

92 2451 198 2513 Sintne
212 2453 284 2512 litae
302 2459 411 2514 tenues
427 2451 578 2527 serpentis
593 2450 664 2510 felle
678 2448 816 2522 sagittae,

131 2537 198 2596 Fiat
211 2553 250 2596 an
269 2535 435 2595 humanum
452 2535 573 2594 victima
592 2533 659 2592 dira
674 2539 780 2607 caput:

43 2627 74 2682 35
88 2620 231 2692 Mentiar,
248 2635 287 2679 an
303 2626 392 2680 coeat
406 2619 532 2678 duratus
549 2617 662 2691 irigorc
678 2622 798 2691 pontus,

129 2705 169 2764 Et
180 2710 282 2763 teneat
300 2703 415 2778 glacies
429 2701 535 2775 iugera
549 2700 643 2760 mulla
656 2699 733 2760 lrcti.

89 2788 173 2847 Haec
187 2786 240 2849 ubi
255 2786 399 2859 narrarit,
416 2783 549 2859 quaesit
564 2798 633 2843 mea
646 2783 741 2853 lama,
756 2780 887 2857 require,

133 2871 262 2948 Quoque
278 2870 371 2931 modo
386 2884 532 2943 peragam
547 2873 687 2941 tempora
700 2866 792 2939 dura,
807 2880 894 2940 roga.

88 2954 152 3014 Nec
169 2970 276 3014 sumus
290 2954 341 3012 hic
360 2952 449 3022 odio,
465 2966 524 3012 nec
538 2951 657 3012 scillcet
670 2964 741 3009 csse
756 2962 914 3021 meremur,

43 3046 78 3101 9⁰
132 3038 195 3098 Nec
210 3054 278 3098 cum
293 3039 414 3097 lortuna
428 3050 515 3095 mens
531 3048 657 3111 quoque
669 3047 762 3092 versa
774 3046 844 3090 mea
857 3046 914 3091 cst.

89 3121 144 3181 Illa
159 3122 248 3197 quies
264 3120 380 3191 animo,
401 3135 491 3193 quam
506 3125 539 3180 tu
553 3117 681 3178 laudare
697 3113 830 3186 solebas,

133 3206 187 3265 llle
201 3212 289 3266 vetus
305 3204 395 3265 solito
411 3209 528 3279 perstat
546 3202 577 3260 in
593 3216 646 3260 ore
662 3199 771 3275 pudor.

90 3287 141 3349 Sic
157 3304 215 3364 ego
230 3305 297 3349 sum
315 3287 449 3363 pridem,
466 3287 511 3347 sic
525 3286 588 3359 hic,
603 3282 656 3344 ubi
669 3279 941 3356 barbuushostis,

130 3371 172 3433 Ut
183 3372 249 3432 iera
263 3374 333 3448 plus
347 3373 469 3433 valeant
481 3370 600 3446 legibus
620 3383 718 3440 arma,
739 3364 820 3436 iacit,

43 3455 165 3518 saltem
181 3463 274 3531 queat
286 3464 321 3517 ut
333 3455 446 3515 nullam
460 3462 506 3515 lot
521 3453 596 3528 iam,
618 3451 779 3521 Graecina,
796 3460 963 3525 perennes

131 3540 256 3600 Femina
271 3538 412 3599 danobis
427 3538 512 3597 virve
528 3552 643 3613 puerve
661 3534 758 3612 queri.
