2318 3960
98 221 140 283 82
492 217 720 282 saisitum

180 371 242 433 Nee
258 374 324 434 iore
339 381 519 450 perpetuam
534 378 639 447 sperat
653 370 712 431 sibi
726 371 857 433 nmntnis
872 370 964 446 nant,

220 456 385 534 Conscius,
400 459 431 517 in
445 457 537 532 eulpa
550 469 613 515 non
627 455 731 517 seeius
746 470 819 516 essa
832 471 901 516 suo„

179 538 281 617 Saepe
293 542 401 616 refert,
418 542 457 600 sit
470 545 584 615 quanta
599 538 649 598 dei
663 537 837 614 elementia,
853 537 942 599 euius

129 633 166 687 ao
220 623 262 684 Se
278 640 403 700 quoque
417 624 447 685 in
462 623 614 698 exemplis
632 621 834 683 adnumerare
853 623 951 683 solete

179 707 270 782 Nam,
288 709 372 784 qnod
387 723 465 784 opes
479 712 582 768 teneat
595 706 724 783 patrias,
741 708 826 782 quod
840 704 971 767 nomina
985 705 1070 777 einis,

219 791 360 866 Denique
375 793 461 869 quod
475 791 573 864 vivat,
590 806 701 850 munus
715 790 830 851 habere
845 789 905 850 dei.

178 876 220 934 Te
233 882 351 951 tamen,
367 892 385 937 o
401 877 429 937 si
444 875 519 951 quid
534 874 635 935 eredis
649 873 737 948 mihi,
754 873 855 935 narius
869 874 921 934 iii'e

220 957 367 1020 Omnibus
382 960 413 1019 in
433 967 495 1020 toto
510 966 637 1036 pectore
651 973 775 1034 semper
788 957 895 1019 habet:

129 1051 163 1103 25
176 1044 280 1118 Teque
294 1042 523 1116 Menoetiaden,
538 1051 584 1118 te,
600 1043 652 1119 qui
667 1042 828 1103 comitatus
844 1041 987 1118 Oresten,

219 1128 261 1188 Ta
278 1135 370 1188 vocat
382 1127 523 1203 Aegiden
536 1126 766 1205 Euryalumque
781 1142 880 1186 suum.

179 1209 241 1270 Nee
255 1212 384 1287 patrium
398 1212 496 1288 magis
511 1211 562 1270 ille
576 1226 664 1271 suam
679 1211 836 1272 desiderat
848 1217 880 1271 et
894 1225 980 1286 quaa
1079 1218 1083 1223 ·

217 1295 350 1356 Plurima
364 1311 432 1357 eum
448 1295 550 1372 patria
564 1293 657 1355 sentit
670 1294 784 1356 abesse
798 1294 867 1368 sibi,

180 1377 274 1451 Quam
289 1381 392 1441 vultus
408 1380 579 1455 oculosque
593 1384 678 1453 tuos,
695 1394 714 1439 o
729 1379 848 1439 dulcior
861 1378 913 1439 iilo

129 1461 164 1518 30
218 1461 318 1536 Melle,
342 1463 428 1538 quod
440 1464 471 1522 in
486 1463 566 1523 neris
580 1462 681 1522 Attica
696 1462 783 1539 ponit
801 1462 881 1539 apis.

179 1544 281 1622 Saepe
296 1546 388 1606 etiarn
401 1561 542 1607 maerens
559 1553 678 1622 tempus
693 1545 898 1607 reminiscitur
910 1545 998 1619 illud,

220 1627 309 1701 Quod
324 1645 385 1691 nou
399 1636 599 1706 praeventum
613 1638 711 1691 morte
726 1630 823 1690 inisse
838 1630 937 1690 dolata

179 1711 316 1787 Cumque
335 1713 386 1773 alii
401 1714 540 1789 ingerent
554 1713 674 1775 subitae
688 1713 831 1789 eontogia
844 1713 952 1788 eladis,
992 1734 994 1739 ’

220 1795 283 1855 Nee
297 1797 411 1858 vellent
424 1798 502 1858 ietaa
517 1797 608 1859 limen
623 1798 708 1859 adire
724 1798 844 1871 domus,

128 1879 163 1932 35
176 1880 219 1938 Te
233 1878 291 1939 sibi
307 1895 375 1941 eum
389 1882 497 1958 paucis
512 1882 646 1942 meminit
658 1881 811 1942 mansisse
825 1881 958 1955 fidelem,

221 1961 253 2023 Si
270 1980 387 2039 paucos
402 1966 514 2043 aliquis
529 1973 632 2027 tresve
647 1966 768 2027 duosve
781 1972 882 2027 vocat.

180 2046 324 2120 Quamvis
340 2051 500 2122 attonitus,
518 2050 616 2112 sensit
629 2057 730 2111 tamen
746 2049 864 2124 omnia,
879 2064 938 2110 nee
950 2055 984 2116 te

219 2129 260 2191 Se
274 2133 375 2193 minus
391 2133 533 2193 adversis
547 2133 717 2194 indoluisse
732 2134 807 2194 suis.

177 2214 281 2274 Verba
295 2218 375 2276 solet
388 2218 565 2291 vultumque
579 2225 662 2279 tuum
677 2217 868 2294 gemitusque
882 2216 1009 2293 referre,

130 2309 163 2360 iu
216 2297 254 2358 Et
267 2306 298 2359 te
313 2299 406 2359 flente
420 2314 496 2360 suos
512 2300 709 2362 demaduisse
725 2301 825 2361 sinus=

179 2380 275 2453 Quam
290 2382 349 2442 sibi
364 2384 569 2459 praestiteris,
587 2402 648 2461 qua
662 2385 840 2446 consolatus
854 2382 988 2445 amioum

215 2464 266 2525 Sis
283 2481 358 2542 ope,
375 2468 523 2529 solandus
539 2485 608 2529 aum
623 2469 714 2529 simui
727 2469 796 2544 ipse
810 2469 904 2529 iores.

176 2548 235 2608 Pro
252 2549 381 2626 quibus,
396 2552 542 2626 affirmat,
559 2553 625 2613 iore
640 2568 676 2613 se
691 2566 920 2628 memoremque
931 2551 1085 2628 piumque,

221 2631 294 2692 Sive
309 2634 391 2695 diem
406 2636 518 2710 videat,
538 2637 605 2697 sive
618 2643 739 2712 tegatur
752 2636 860 2696 humo=

129 2725 162 2776 to
177 2715 235 2775 Per
249 2724 342 2794 eaput
356 2718 426 2795 ipse
441 2736 530 2780 suurn
545 2721 653 2783 solitus
669 2721 770 2781 iurare
784 2727 939 2794 tuumque,

221 2799 308 2873 Quod
324 2803 390 2863 seio
406 2818 469 2862 non
484 2803 527 2864 iiii
543 2805 632 2865 vilius
648 2819 720 2864 esse
734 2819 804 2865 suo.
887 2823 888 2827 ¹

177 2882 270 2943 Plena
284 2891 328 2945 tot
342 2901 379 2945 eo
393 2886 485 2945 motis
499 2889 647 2948 referetur
661 2888 760 2963 gratia
774 2887 872 2960 iactis,

219 2967 282 3027 Nee
297 2969 378 3030 sinet
391 2970 442 3029 ille
457 2976 527 3031 tuos
542 2972 612 3033 litus
629 2986 717 3032 arare
730 2970 839 3032 boves.

177 3048 238 3109 Fae
253 3053 363 3128 modo,
380 3060 556 3117 constanter
569 3058 732 3132 profugum
745 3061 866 3116 tueare!
890 3053 974 3131 quod
989 3052 1051 3127 ille,

128 3140 163 3193 50
219 3133 276 3207 Qui
290 3134 371 3196 bene
384 3143 415 3197 te
430 3138 529 3215 novit,
545 3157 607 3202 non
621 3144 718 3214 rogat
754 3139 823 3215 ipsa
836 3152 925 3215 rogo.

110 3265 156 3363 5.
179 3267 311 3366 iinunus
327 3315 484 3369 assuetum
499 3307 641 3367 dominae
656 3308 765 3369 natalis
779 3308 929 3369 honorem

219 3387 330 3464 Exigit.
362 3391 403 3450 ite
416 3406 525 3451 manus
537 3393 576 3450 ad
590 3392 643 3466 pia
657 3407 747 3452 saera
760 3407 857 3452 meae.

179 3469 229 3532 Sie
245 3473 401 3549 quondam
416 3475 526 3534 festum
542 3474 679 3536 Laertius
695 3482 798 3550 egerat
811 3475 905 3536 heros
