2318 3960
96 213 159 279 160
498 209 555 269 EX
574 205 721 270 PONTO

221 365 263 422 Tu
278 365 398 423 lacerae
413 375 554 420 remanes
569 359 703 419 anchora
718 360 786 421 sola
799 361 867 421 rati.

181 450 272 509 Gratia
285 455 336 506 tua
351 452 399 506 est
413 445 503 519 igitur
517 445 625 520 pietas.
659 444 848 519 ignoscimus
863 443 934 524 tttts,

221 531 277 607 Qui
292 546 361 590 eum
377 530 497 588 fortuna
512 534 597 602 terga
612 528 727 587 dedere
742 528 841 603 fugae.

180 617 254 677 Cum
268 614 377 673 feriant
390 628 492 685 unum,
515 627 577 671 non
595 629 688 672 uuum
703 611 829 672 fulmina
843 618 966 690 terrent,

132 710 165 762 10
221 701 387 773 Iunctaque
401 711 551 772 percusso
570 695 658 755 turbe
673 711 788 770 pavere
805 698 893 757 solet.

179 786 314 857 Cumque
330 780 413 840 dedit
427 780 530 855 paries
547 787 693 840 venturae
707 781 797 856 signa
810 781 926 856 ruinae,

220 866 356 926 Sollicito
372 881 489 925 vacuus
505 865 538 925 fit
552 864 640 924 locus
655 865 705 923 ille
720 870 812 924 metu.

179 952 251 1026 Quis
267 966 328 1013 non
344 965 361 1010 e
375 949 488 1009 timidis
504 948 587 1024 aegri
603 949 745 1023 contagia
760 949 842 1019 vitot,

217 1035 359 1094 Vicinum
374 1040 512 1094 metuens
529 1047 568 1093 ne
582 1032 682 1093 trahat
695 1032 767 1092 inde
781 1033 915 1092 maium?

130 1131 163 1182 15
177 1119 227 1180 Me
246 1133 369 1194 quoque
384 1117 551 1177 amicorum
566 1117 657 1177 nimio
674 1123 790 1177 terrore
807 1122 962 1193 metuque,

219 1204 287 1263 Non
304 1202 376 1263 odio
393 1202 516 1276 quidam
536 1201 701 1260 destituere
715 1200 784 1261 mei.

179 1289 245 1348 Non
262 1287 321 1347 iilis
336 1285 444 1363 pietus,
467 1301 528 1344 non
545 1285 686 1346 officiosa
702 1286 843 1346 voluntas

217 1372 328 1433 Defuit.
359 1370 512 1430 adversos
528 1369 695 1429 extimuere
711 1370 799 1428 deos.

178 1458 278 1529 thue
293 1453 391 1528 magis
407 1453 486 1514 cauti
500 1453 624 1528 possint
637 1452 795 1527 timidique
809 1451 918 1525 videri,
995 1464 998 1472 ·

130 1551 164 1602 20
221 1539 271 1600 Sic
286 1538 434 1613 appellari
451 1552 511 1597 non
527 1553 667 1599 meruere
684 1537 765 1598 mali.

177 1625 239 1683 Aut
252 1637 339 1680 meus
356 1627 483 1682 excusat
498 1637 587 1681 caros
602 1622 643 1682 ite
658 1621 773 1682 candor
787 1622 914 1685 amicos.

218 1706 320 1780 thue
334 1705 467 1765 habeant
480 1705 519 1764 de
534 1721 582 1764 me
598 1705 724 1766 crimina
739 1706 830 1779 nulla,
852 1705 944 1765 iavet.
1025 1740 1028 1744 Δ

180 1790 245 1851 Sint
258 1789 290 1848 hi
306 1790 438 1850 contenti
453 1789 552 1864 venia,
575 1789 761 1865 scierintque
775 1788 886 1862 licebit,

219 1874 343 1949 Purgari
358 1874 470 1934 iactum
485 1888 533 1933 me
550 1889 675 1948 quoque
690 1880 769 1934 teste
782 1889 882 1935 suunt.

132 1969 165 2021 25
180 1959 253 2018 Pars
270 1958 344 2041 estis
359 1957 449 2033 pauci
464 1958 578 2032 melior,
604 1958 656 2031 qui
670 1958 763 2019 rebus
779 1959 810 2016 in
826 1957 900 2019 artis

219 2041 312 2102 Ferre
326 2042 398 2101 mihi
413 2042 525 2102 nuliam
538 2048 628 2116 turpe
643 2042 773 2117 putastis
790 2056 889 2117 opem.

179 2129 262 2186 Tunc
278 2126 367 2200 igitur
384 2125 480 2185 meriti
496 2124 641 2184 morietur
656 2127 753 2200 gratia
767 2125 871 2199 vestri,

220 2209 293 2268 Cum
309 2209 384 2269 einis
400 2210 562 2285 absumpto
580 2224 711 2284 corpore
726 2210 824 2270 factus
840 2223 905 2269 ero.

179 2294 288 2367 Fallar,
310 2299 340 2352 et
353 2293 405 2352 illa
419 2309 506 2352 meae
520 2292 678 2368 superabit
693 2300 833 2368 tempora
848 2292 939 2366 vitae,

131 2386 166 2440 ³0
222 2375 254 2436 Si
271 2383 370 2436 tamen
386 2393 404 2436 a
420 2379 547 2437 memori
562 2377 739 2452 posteritate
752 2377 847 2452 legor.

181 2462 317 2534 Corpora
334 2460 484 2520 debentur
498 2461 624 2522 maestis
643 2462 814 2536 exsanguia
828 2459 944 2521 bustis:

221 2542 375 2619 Effugiant
388 2552 521 2605 structos
536 2560 647 2606 nomen
661 2545 824 2621 honorque
837 2559 942 2619 rogos.

180 2626 296 2688 Occidit
311 2635 340 2687 et
353 2628 492 2689 Theseus
508 2630 604 2705 etqui
620 2629 773 2690 comitavit
789 2628 932 2689 Oresten:

224 2712 286 2772 Sed
304 2720 404 2773 tamen
420 2713 449 2772 in
466 2713 573 2773 laudes
589 2714 664 2773 vivit
678 2722 806 2789 uterque
821 2727 905 2773 suos.

132 2805 166 2862 es
184 2798 247 2856 Vos
263 2797 353 2856 etiam
368 2797 429 2857 seri
445 2796 613 2858 laudabunt
627 2813 723 2874 saepe
736 2802 877 2873 nepotes,

224 2880 373 2954 claraque
388 2881 445 2941 erit
460 2881 582 2957 scriptis
599 2883 697 2955 gloria
712 2887 815 2942 vestra
829 2880 916 2940 meis.

182 2965 237 3023 liic
254 2981 377 3040 quoque
393 2965 592 3026 Sauromatae
607 2966 666 3025 iam
680 2981 738 3026 vos
755 2979 871 3025 novere
887 2963 1051 3038 Getaeque

220 3049 258 3108 Et
272 3051 348 3108 tales
364 3050 482 3110 animos
497 3049 628 3110 barbara
642 3050 730 3110 turba
745 3049 864 3124 probat.

183 3133 318 3207 Cumque
333 3149 391 3208 ego
409 3134 448 3193 de
464 3141 565 3194 vestra
580 3149 677 3209 nuper
692 3133 843 3209 probitate
857 3131 1033 3204 referrem-t

134 3217 168 3272 io
224 3216 298 3274 Nam
314 3217 405 3277 didici
423 3217 525 3278 Getice
541 3216 769 3293 Sarmaticeque
783 3216 899 3291 toqui...

182 3300 272 3361 Forte
288 3316 382 3360 senex
398 3301 530 3377 quidam,
551 3309 641 3363 coetu
656 3319 725 3364 cum
740 3307 835 3363 staret
850 3299 881 3361 in
895 3297 958 3360 ilio.

222 3383 367 3444 Reddidit
382 3385 421 3444 ad
437 3393 561 3448 nostros
575 3385 646 3447 talia
661 3386 756 3447 verba
771 3399 883 3445 sonos:

181 3467 256 3528 ‘Nos
273 3483 398 3544 quoque
413 3470 562 3535 amicitiae
577 3486 697 3546 nornen,
715 3470 806 3544 bone,
824 3467 978 3543 novimus,
995 3466 1095 3543 hospes
