2318 3960
145 216 205 283 lta
539 218 598 280 ttx
617 217 768 281 PONTO

269 370 327 446 Qui
342 384 462 431 mecum
477 370 572 430 velles
589 384 728 442 currere,
746 369 862 445 primus
877 384 958 429 eras.

222 454 322 529 Nunc,
339 453 411 529 quia
424 453 575 514 contraxit
585 455 700 514 vultum
713 453 861 528 Fortuna,
875 451 1008 517 recedit.
1028 496 1031 501 -

264 537 389 599 Auxilio
404 545 572 614 postquam
586 537 648 597 scis
664 553 745 612 opus
761 552 834 598 esse
847 543 910 598 tuo.

224 622 407 683 dissimulas
423 621 529 694 etiam,
546 636 604 680 nec
618 636 668 680 mc
684 621 731 681 vis
748 619 967 695 nossevideri,

175 720 208 772 ιο
262 706 399 782 Quisque
414 705 468 777 sit,
484 703 589 765 audito
604 705 741 780 nomine,
756 704 856 777 Naso,
870 718 976 779 rogas.

224 792 277 851 lile
292 805 350 865 ego
366 804 450 862 sum,
468 803 654 864 quamquam
669 804 731 849 non
745 788 794 849 vis
808 787 930 861 audire,
946 793 1070 851 vetusta

262 872 365 933 Paene
383 887 460 948 puer
473 887 569 947 puero
584 872 705 935 iunctus
721 871 867 932 amicitia!

222 959 276 1017 ille
291 972 365 1031 ego,
383 956 436 1030 qui
451 956 567 1031 primus
582 961 634 1016 toa
648 956 730 1016 seria
744 971 842 1017 nosse
855 954 1005 1028 solebam,

265 1040 321 1114 Qui
335 1039 389 1100 tibi
404 1040 545 1100 iocundis
561 1039 676 1114 primus
693 1040 806 1100 adesse
821 1039 914 1101 iociss

175 1148 207 1198 15
221 1125 275 1184 Ille
291 1139 349 1200 ego
365 1123 523 1184 convictor
537 1123 698 1196 densoque
714 1123 901 1185 domesticus
916 1139 987 1198 usu,

263 1208 318 1269 1116
332 1223 390 1282 ego
405 1207 526 1267 iudiciis
541 1207 632 1267 unica
645 1207 734 1268 Musa
747 1207 823 1269 tuist

221 1291 307 1352 Idem
321 1306 379 1366 ego
395 1307 480 1365 sum,
497 1292 549 1366 qui
563 1305 643 1352 nunc
658 1306 696 1350 an
713 1291 828 1365 vivam,
842 1289 979 1365 perfide,
995 1290 1108 1366 nescio,

265 1376 343 1436 Cura
357 1373 412 1435 tibi
427 1375 466 1434 de
482 1389 543 1448 quo
560 1390 707 1449 quaerere
722 1375 805 1435 nulla
819 1373 885 1435 tuit

224 1459 296 1520 Sive
311 1459 354 1519 lui
371 1473 537 1534 numquam
551 1473 656 1531 carus,
671 1459 834 1519 simulasse
849 1456 969 1517 latensi

172 1559 208 1611 20
265 1541 327 1602 Seu
341 1557 403 1601 non
417 1541 573 1616 fingebam,
588 1542 745 1601 inveniere
758 1541 848 1602 levis.

220 1628 283 1686 Aut
296 1641 369 1700 age,
385 1625 435 1684 dic
448 1625 596 1699 aliquam,
613 1641 693 1700 quae
707 1632 737 1685 16
751 1623 925 1699 mutaverit,
940 1624 1033 1685 inemo

261 1709 337 1769 Nam
352 1708 411 1768 nisi
424 1709 506 1768 iusta
518 1715 571 1771 tua
584 1716 645 1782 est,
661 1709 741 1769 iusta
755 1708 892 1785 querella
904 1722 974 1767 mco
988 1715 1049 1769 661

222 1791 306 1865 Quae
326 1799 355 1852 16
369 1792 558 1853 consimilem
571 1808 622 1852 res
638 1809 719 1853 nunc
734 1799 816 1852 vetat
829 1806 902 1853 esse
914 1790 1033 1866 priorit

261 1877 310 1936 An
325 1877 455 1951 crimen,
472 1877 561 1951 coepi
578 1877 662 1950 quod
676 1877 868 1949 miseresce,
882 1881 1002 1937 vocaot

171 1973 206 2026 15
222 1958 254 2021 Si
268 1960 341 2020 mihi
355 1960 448 2022 rebus
464 1975 555 2036 opem
570 1959 683 2021 nullam
697 1959 848 2035 lactisque
862 1957 995 2031 serebas,

264 2044 410 2104 Venisset
422 2045 526 2105 verbis
541 2044 646 2103 charta
660 2049 764 2105 notata
778 2043 886 2103 tribus.

222 2128 283 2187 Vix
298 2128 443 2203 equidem
458 2127 568 2198 credo,
585 2127 643 2187 sed
656 2133 687 2188 et
700 2127 846 2187 insultare
860 2125 971 2187 iacenti

258 2210 300 2270 'l'e
314 2211 401 2285 mihi,
417 2227 475 2271 nec
489 2209 594 2270 verbis
609 2225 736 2285 parcere
750 2210 949 2271 famarefert

222 2295 300 2368 Quid
314 2295 406 2369 16616,
422 2302 455 2354 61
476 2295 624 2357 demens?
642 2309 711 2367 cur,
730 2294 758 2354 si
773 2294 895 2354 fortuna
907 2292 1044 2370 recedat,

170 2385 205 2439 30
259 2377 423 2452 Naufragio
438 2378 579 2438 lacrimas
594 2377 688 2453 eripis
703 2377 772 2453 ipse
786 2383 861 2440 tuot

220 2461 304 2520 Haec
318 2460 378 2520 dea
392 2478 454 2521 non
469 2460 585 2536 stabili,
601 2477 693 2536 quam
708 2461 748 2521 sit
761 2462 854 2535 levis,
869 2459 945 2520 orbe
959 2462 1078 2537 latetur,

261 2544 356 2619 Quem
371 2561 520 2605 summurn
535 2544 627 2605 dubio
643 2543 701 2606 sub
718 2544 798 2620 pede
812 2560 935 2620 semper
949 2544 1052 2607 habet

221 2627 361 2701 Quolibet
374 2635 422 2689 est
435 2628 508 2689 lolio
524 2635 553 2689 61
568 2628 678 2704 quavis
692 2628 836 2690 incertior
846 2644 931 2689 aura

256 2710 315 2772 Par
332 2713 374 2773 illi
390 2713 512 2785 levitas,
534 2712 688 2789 improbe,
705 2713 774 2773 sola
786 2718 840 2773 tua
853 2719 911 2772 est.

168 2809 203 2864 35
220 2794 327 2856 Omnia
342 2803 412 2858 sunt
425 2796 581 2858 hominum
595 2797 677 2856 tenui
692 2796 858 2872 pendentia
872 2796 934 2870 iilo,

258 2879 296 2941 Et
310 2880 410 2941 subito
430 2896 506 2941 casu
521 2896 601 2956 quoe
615 2881 755 2955 valuere,
770 2887 870 2942 ruunt.

218 2963 326 3023 Divitis
342 2965 445 3025 audita
458 2969 506 3023 cst
520 2964 569 3025 cui
583 2980 645 3024 non
661 2965 815 3039 opulentia
831 2963 959 3024 Croesit

258 3048 374 3124 Nempe
388 3055 489 3108 tomen
505 3048 596 3108 vitam
611 3054 718 3124 captus
733 3049 772 3108 ab
787 3048 876 3108 hoste
890 3047 965 3108 tulit.

218 3131 272 3189 1116
286 3129 454 3207 Syracosia
468 3132 560 3192 modo
576 3132 755 3191 formidatus
770 3131 801 3191 in
814 3130 892 3192 urbe

169 3222 204 3275 40
258 3213 318 3272 Vix
333 3216 437 3277 humili
453 3215 560 3276 duram
574 3214 707 3291 reppulit
721 3222 785 3275 arte
800 3215 920 3275 lamam.

215 3295 293 3372 Quid
307 3298 404 3360 luerat
417 3300 528 3375 Magno
544 3299 664 3360 maiust
691 3304 792 3358 tannen
806 3299 857 3359 ille
870 3296 993 3374 rogarit

256 3377 426 3444 Summissa
440 3383 560 3458 lugiens
577 3396 654 3442 voce
669 3382 786 3443 clientis
802 3397 903 3458 opem.

160 3497 203 3508 -
217 3463 334 3540 cuique
349 3467 413 3526 viro
429 3473 510 3528 totus
525 3473 672 3528 terrarum
686 3466 787 3542 paruit
801 3464 894 3533 orbis,
