2318 3960
1144 491 1153 549 l

493 617 771 704 tots,
888 574 890 578 ⁸
1148 571 1155 797 Ι

197 842 339 952 Tempus
353 877 393 936 ad
407 877 476 948 hoc,
492 877 597 936 lustris
611 875 733 954 bis-iam
749 873 820 933 mihi
837 873 973 949 quinque
985 875 1125 952 peractis,

237 958 333 1022 Omne
347 962 402 1021 fuit
414 961 523 1021 Musae
537 975 657 1021 carmen
673 957 788 1021 inerme
803 973 905 1018 meae:

194 1046 354 1120 Nullaque,
378 1061 457 1118 quae
472 1045 580 1120 possit,
601 1042 726 1117 scriptis
740 1047 785 1100 tot
798 1040 928 1114 milibus
953 1049 1038 1104 extat
1144 1071 1157 1113 ς

235 1130 348 1189 Littera
362 1129 494 1188 Nasonis
510 1128 745 1203 sanguinolenta
758 1124 835 1200 legia

166 1214 256 1278 5Nec
270 1228 454 1288 quemquam
469 1211 575 1284 nostri,
596 1211 655 1270 nisi
670 1225 727 1284 me,
751 1210 871 1270 laesere
885 1209 987 1289 libelli,

236 1296 371 1357 Artificis
385 1296 475 1372 periit
489 1311 558 1356 cum
575 1303 667 1370 caput
679 1296 754 1355 Arte
769 1310 835 1354 sua.

193 1381 310 1440 Unus...
327 1387 358 1439 et
370 1380 430 1441 hoc
445 1380 547 1454 ipsum
562 1387 610 1440 est
624 1379 733 1439 iniuria
746 1392 887 1453 magna...
904 1388 1070 1454 perennem

238 1463 386 1526 Candoris
401 1464 518 1524 titulum
534 1474 595 1523 non
611 1463 683 1522 sinit
697 1477 769 1522 esse
782 1461 852 1522 mei.

195 1547 340 1623 Quisquis
355 1547 381 1606 is
397 1554 474 1621 est..
489 1564 559 1607 nam
571 1562 682 1607 nomen
698 1546 798 1607 adhuc
813 1554 978 1623 utcumque
989 1548 1126 1611 tacebo...

155 1644 188 1695 to
240 1631 326 1705 cogit
339 1630 656 1691 inadsuetassumere
671 1630 731 1690 tela
744 1646 863 1691 manus.
1146 1650 1158 1720 q

194 1716 248 1774 ille
262 1716 429 1789 relegatum
443 1715 563 1789 gelidos
579 1715 732 1790 aquilonis
748 1713 788 1775 ad
803 1720 887 1775 ortus

236 1799 302 1857 Non
318 1799 388 1858 sinit
402 1799 494 1860 exilio
511 1799 669 1860 delituisse
683 1814 769 1858 meo:

194 1883 392 1958 Vulneraque
407 1883 518 1944 inmitis
533 1884 670 1959 requiem
686 1882 863 1958 quaerentia
876 1890 978 1960 vexat,

236 1967 331 2026 lactat
345 1974 374 2026 et
387 1969 417 2026 in
433 1976 496 2029 toto
512 1968 635 2028 nomin‘a
649 1973 756 2027 nostra
770 1968 847 2041 foro,

153 2049 406 2126 15Perpetuoque
420 2052 491 2110 mihi
508 2052 655 2111 sociatam
671 2051 796 2111 foedere
811 2050 881 2111 fecti

235 2134 301 2193 Non
316 2135 427 2209 patitur
440 2134 543 2193 miseri
559 2136 667 2194 funera
680 2133 756 2193 flere
769 2134 843 2193 viri=
897 2180 900 2187 .

195 2217 331 2291 Cumque
346 2233 403 2292 ego
417 2234 534 2292 quassa
548 2231 635 2276 meae
650 2218 837 2292 complectar
846 2217 984 2282 membra
998 2220 1127 2298 cannae,

235 2300 390 2374 Naufragii
404 2301 525 2361 tabulas
542 2307 657 2376 pugnat
670 2300 784 2361 habere
798 2302 873 2362 mei:

192 2384 231 2442 Et
246 2383 298 2457 qui
313 2384 461 2444 debuerat
475 2385 592 2445 subitas
607 2383 784 2460 extinguere
799 2384 949 2461 flammas,

152 2474 187 2526 20
239 2466 295 2525 Hic
310 2468 457 2541 praedam
472 2469 573 2528 medio
589 2476 695 2543 raptor
707 2468 746 2529 ab
762 2469 832 2545 igne
847 2471 931 2546 petit.

193 2550 309 2623 Nititur,
333 2558 366 2611 ut
380 2552 530 2627 profugae
546 2552 648 2613 desint
662 2552 805 2614 alimento
820 2562 975 2616 senectae.

235 2635 316 2695 Heu!
340 2643 452 2709 quanto
468 2643 516 2697 est
528 2638 642 2697 nostris
658 2637 778 2712 dignior
791 2638 859 2714 ipse
872 2639 977 2701 malis!

193 2718 230 2778 Di
245 2719 368 2779 meliust
391 2736 519 2795 quorum
532 2721 624 2796 longe
638 2721 710 2781 mihi
725 2723 874 2783 maximus
888 2723 939 2784 ille
953 2730 1009 2801 est,

237 2803 292 2876 Qui
308 2811 429 2864 nostras
441 2805 552 2880 inopes
568 2806 665 2866 noluit
678 2821 749 2866 esse
766 2805 841 2866 vias.

152 2888 274 2951 tilleio
289 2888 380 2963 igitur
394 2888 517 2950 meritas
531 2895 643 2964 grates,
666 2889 852 2964 ubicumque
865 2891 977 2967 licebit,

235 2971 293 3030 Pro
307 2978 368 3032 tarn
383 2980 543 3034 mansueto
557 2980 682 3049 pectore
697 2989 825 3049 semper
834 2991 932 3050 agam.

194 3055 307 3115 Audiet
321 3055 381 3115 hoc
395 3055 519 3118 Pontus.
552 3056 655 3118 Faciet
671 3073 796 3133 quoque
810 3058 938 3120 forsitan
952 3057 1043 3137 idem,

237 3140 330 3198 Terra
344 3140 383 3199 sit
398 3147 430 3200 ut
444 3140 572 3217 propior
585 3141 778 3202 testificanda
792 3141 874 3202 mihi.

194 3222 235 3280 At
248 3219 311 3293 tibi,
334 3224 459 3284 calcasti
479 3225 530 3300 qui
545 3241 602 3300 me,
627 3225 769 3301 violente,
790 3226 948 3302 iacentem,

153 3313 188 3367 tto
243 3303 308 3378 Qua
324 3307 392 3365 licet
407 3308 450 3367 eit
472 3308 594 3381 misero,
612 3309 732 3370 debitus
744 3310 841 3371 hostis
857 3325 921 3372 ero.

195 3387 321 3448 Desinet
335 3405 406 3452 esse
421 3392 506 3469 prius
522 3395 690 3454 contrarius
706 3393 827 3470 ignibus
842 3394 961 3472 humor,
