2318 3960
499 208 725 272 TRISTIUM

228 362 311 436 Quae
327 363 438 422 damno
459 361 533 421 nulli
548 359 763 433 composuisse
783 358 846 420 luit.

185 445 240 505 llis
255 461 313 520 ego
329 446 477 519 deceptus
498 459 559 504 non
575 442 671 502 tristia
687 441 821 503 carmina
835 441 910 501 ieci·

228 527 291 589 Sed
307 529 404 589 tristis
424 533 548 588 nostros
564 540 665 600 poena
680 533 787 586 secuta
800 525 897 586 iocos.

119 624 170 678 495
185 612 325 685 Denique
343 626 401 670 555
417 611 508 672 video
529 610 567 669 de
584 616 628 670 tot
648 607 851 671 scribentibus
866 623 970 681 unum,

229 694 323 768 Quem
336 711 393 756 sua
412 693 579 769 perdiderit
592 692 690 753 Musa.
726 697 866 767 repertus
887 705 956 766 ego.

187 778 279 852 Quid,
302 777 328 838 si
345 777 543 852 scripsissem
561 776 671 836 mimos
687 775 824 836 obscena
842 775 990 846 iocantes,

229 861 285 935 Qui
300 876 423 935 semper
436 860 499 920 ficti
517 859 629 922 crimen
650 859 763 920 amoris
778 858 912 919 habente

186 946 219 1004 ln
241 943 353 1018 quibus
369 943 497 1005 assidue
513 945 611 1005 cultus
630 943 768 1018 procedit
789 943 915 1012 adulter,

122 1029 173 1082 555
228 1029 394 1102 Verbaque
414 1028 468 1088 dat
483 1031 574 1088 stulto
592 1027 703 1090 callida
722 1034 817 1100 nupta
833 1025 907 1085 viro.

186 1111 303 1172 Nubilis
324 1110 383 1172 hos
403 1113 491 1187 virgo
512 1120 712 1185 matronaque
732 1110 840 1184 virque
854 1125 994 1184 puerque

230 1193 369 1269 Spectat,
389 1203 419 1254 et
433 1211 472 1254 ex
491 1212 603 1270 magna
618 1200 706 1270 parte
720 1202 847 1254 senatus
863 1193 960 1254 adest.

186 1279 249 1337 Nec
265 1278 341 1339 satis
357 1278 483 1340 incestis
500 1279 639 1340 temerari
656 1277 784 1338 vocibus
800 1291 907 1337 aures:
935 1289 938 1296 ’

208 1364 403 1422 Assuescunt
419 1364 498 1422 oculi
514 1365 608 1424 multa
623 1362 768 1437 pudenda
785 1360 862 1435 pati:

122 1449 171 1502 555
188 1446 323 1520 Cumque
339 1445 445 1507 fefellit
459 1463 566 1507 amans
586 1446 689 1519 511555
706 1445 840 1506 novitate
855 1442 1003 1518 maritum,

225 1529 380 1590 Plauditur
397 1535 427 1588 et
445 1545 555 1604 magno
572 1531 673 1604 palma
688 1528 793 1589 lavore
813 1528 908 1591 datur.

188 1612 338 1686 Quodque
354 1612 455 1673 minus
470 1613 613 1687 prodest,
629 1613 731 1687 palma
745 1620 801 1673 551.
826 1613 950 1674 lucrosa
966 1617 1084 1687 poetae,

225 1697 382 1768 Tantaque
399 1711 460 1755 non
474 1713 572 1771 parvo
590 1696 716 1756 crimina
731 1701 856 1771 praetor
870 1694 950 1755 emit.

186 1779 309 1854 Inspice
324 1779 465 1839 ludorum
481 1787 637 1856 sumptus,
652 1780 809 1854 Auguste,
827 1786 962 1840 tuorum:

122 1869 189 1922 515-
226 1862 336 1936 Empta
350 1860 403 1921 tibi
419 1879 530 1937 magno
546 1865 618 1925 talia
631 1862 726 1924 multa
738 1864 834 1937 leges.

186 1945 269 2004 Haec
283 1952 316 2005 tu
334 1947 481 2022 spectasti
499 1948 730 2023 spectandaque
746 1961 841 2021 saepe
856 1945 999 2007 dedisti...

226 2028 373 2090 Maiestas
394 2029 472 2091 adeo
490 2032 586 2092 cornis
601 2030 715 2104 ubique
730 2036 782 2090 tua
797 2037 875 2093 est...

186 2111 428 2187 Luminibusque
444 2116 519 2187 tuis,
541 2121 624 2174 totus
646 2112 757 2186 quibus
777 2113 889 2173 utimur
906 2111 999 2184 orbis,

227 2193 357 2255 Scenica
372 2195 475 2257 vidisti
495 2198 595 2257 lentus
610 2196 767 2258 adulteria.

121 2283 172 2335 515
189 2276 329 2337 Scribere
344 2277 371 2336 si
386 2279 435 2338 155
450 2285 499 2338 551
517 2279 669 2339 imitantes
685 2280 785 2355 turpia
804 2280 924 2351 mimos,

226 2359 370 2419 Materiae
389 2361 488 2420 minor
502 2369 550 2422 551
570 2362 672 2422 debita
687 2378 788 2436 poena
802 2378 898 2423 meae.

186 2448 232 2503 An
248 2459 346 2518 genus
367 2442 427 2501 hoo
440 2445 545 2519 scripti
566 2445 680 2506 1551551
700 2462 756 2506 555
771 2446 888 2521 5515115
908 2451 1013 2520 tutum,

226 2525 377 2599 Quodque
390 2527 475 2600 licet,
492 2528 591 2590 mimis
609 2545 704 2590 scena
717 2529 810 2592 licere
826 2528 930 2589 deditt

186 2609 224 2668 Et
238 2624 306 2668 mea
323 2615 395 2668 sunt
413 2612 530 2685 populo
546 2614 657 2673 saltata
673 2620 817 2687 poemata
833 2626 937 2686 saepe,

122 2696 173 2748 555
230 2691 331 2766 Saepe
347 2694 456 2754 oculos
473 2694 562 2755 etiam
581 2695 737 2756 detinuere
754 2703 834 2757 tuos.

188 2775 310 2836 Scilicet
325 2775 355 2834 in
372 2776 513 2839 domibus
529 2780 642 2839 vestris
657 2786 689 2838 ut
704 2779 809 2854 prisca
823 2779 958 2839 virorum

227 2858 346 2919 Artifloi
363 2858 479 2934 fulgent
495 2877 628 2936 corporo
642 2862 725 2937 picta
740 2877 841 2937 manu,

188 2942 333 3015 sicquae
350 2942 530 3007 concubitus
547 2946 649 3005 varios
667 2946 851 3020 venerisque
862 2945 979 3020 figuras

226 3025 396 3102 Exprtmat,
413 3034 460 3087 est
475 3028 577 3103 aliquo
592 3045 690 3104 parva
704 3028 815 3089 tabella
829 3031 909 3089 1555.

117 3109 288 3182 555111555
302 3110 391 3171 sedet
405 3114 490 3171 vultu
505 3112 611 3174 lassus
625 3113 820 3173 Telamonius
836 3114 920 3185 iram,

227 3191 324 3264 Inque
340 3194 439 3254 oculis
455 3195 575 3255 lacinus
593 3195 724 3256 barbara
738 3201 834 3256 mater
849 3195 949 3269 habet,

188 3272 238 3335 Sic
253 3274 395 3338 madidos
411 3276 507 3339 515551
522 3279 623 3353 digitis
639 3281 744 3339 Venus
759 3278 821 3340 uda
836 3277 976 3354 capillos,

227 3357 266 3418 Et
279 3360 372 3420 modo
390 3362 533 3422 maternis
547 3368 628 3422 tecta
642 3362 761 3422 videtur
776 3361 876 3436 aquis.

186 3440 273 3501 Β5115
287 3450 398 3504 sonant
413 3441 463 3502 alii
478 3445 546 3505 tetis
562 3446 711 3505 instructa
726 3445 869 3512 cruentis,
