2318 3960
411 184 466 264 111,
490 181 669 248 oto-712.
995 186 1058 252 am

126 337 231 414 Nuper
244 344 310 398 erat
326 336 385 397 dea
399 337 488 397 locta.
518 337 600 396 venit
615 337 767 398 Gradivus
781 337 821 398 ad
835 337 965 414 Annam,

10 436 23 539 [
168 423 207 483 Et
220 436 288 481 curn
301 421 429 481 seducta
443 421 515 481 tolia
529 420 624 481 verbu
640 421 724 481 lacit=

10 574 19 641 i

129 507 249 566 ‘Mense
264 521 334 566 meo
350 504 476 578 coleris,
491 503 577 565 iunxi
590 521 660 566 meo
674 511 814 581 tempora
827 511 942 569 tecum=

57 599 113 654 68⁰
170 589 286 650 Pendet
299 587 338 649 ab
355 588 458 650 officio
474 604 549 664 spes
563 587 637 648 mihi
651 605 761 664 magna
776 595 839 650 tuo.

123 673 257 734 Armiier
272 671 433 733 armiferae
448 678 608 748 correptus
623 688 729 733 amore
741 672 898 733 Minervae

165 758 260 831 Uror,
276 761 307 817 et
319 755 380 816 hoc
394 755 486 832 longo
499 762 638 832 tempore
652 758 763 818 volnus
778 758 838 818 aio.

10 844 13 871 ¹
122 841 234 915 Effice,
250 839 281 900 di
296 839 397 900 studio
413 839 528 900 similes
545 855 690 902 coeamus
705 840 736 900 in
750 858 854 902 unum.

168 923 358 986 Conveniunt
371 929 475 998 partes
489 922 567 984 haec
581 922 650 998 tibi,
667 924 762 985 comis
778 930 878 987 anus?

55 1023 111 1079 635
126 1009 260 1069 Dixerat.
289 1007 345 1067 lllo
358 1006 449 1067 deum
464 1007 618 1083 promisso
633 1008 710 1068 ludit
722 1007 813 1082 inani,

10 1147 18 1169 2
168 1092 206 1152 Et
220 1094 343 1152 stultam
358 1091 450 1151 dubia
464 1106 553 1166 spem
567 1090 658 1151 trahit
670 1108 771 1166 usque
785 1109 881 1153 mora.

125 1175 257 1253 Saepius
272 1174 410 1249 instanti,
427 1174 584 1235 'Mandata
597 1175 786 1251 peregimus’
798 1177 910 1252 inquitt

168 1259 303 1319 ‘Evictus
318 1257 463 1334 precibus
479 1257 531 1317 vix
546 1258 695 1320 dedititia
709 1265 840 1320 monus.’

126 1343 245 1403 Gaudet
258 1358 381 1417 amans,
395 1341 610 1417 thalamosque
624 1351 720 1419 purat
747 1343 914 1407 Deducltur
928 1344 999 1404 illuc

57 1446 113 1502 690
169 1429 260 1486 Anna
273 1433 383 1502 tegens
398 1426 519 1501 voltus,
532 1434 566 1486 ut
580 1441 663 1487 nova
677 1435 787 1503 nupta,
803 1443 889 1489 suos.

128 1510 241 1572 Oscula
254 1517 432 1586 sumpturus
448 1510 549 1571 subito
563 1510 647 1570 Mars
661 1511 773 1586 aspicit
785 1512 917 1584 Annam.

167 1595 253 1655 Nunc
267 1594 370 1669 pudor
384 1595 518 1672 elusum,
534 1609 614 1654 nunc
628 1595 710 1655 subit
725 1595 769 1656 iro
784 1597 885 1657 deum.

124 1680 215 1739 Ridet
228 1684 395 1740 amatorem
411 1692 501 1738 carae
516 1694 598 1738 nova
610 1678 682 1738 diva
696 1678 867 1740 Minervam

167 1763 230 1822 Neo
243 1777 295 1822 res
309 1761 369 1821 hac
378 1761 493 1822 Veneri
507 1762 622 1837 gratior
635 1764 698 1824 ulla
710 1764 774 1824 fuit.

58 1858 113 1915 695
130 1847 205 1907 lude
220 1845 280 1906 ioci
294 1852 415 1906 veteres
432 1845 630 1922 obscenaque
645 1847 727 1907 dicta
742 1854 899 1924 canuntur,

167 1931 205 1990 Et
218 1930 303 1990 iuvat
316 1929 396 1989 hanc
410 1945 521 2004 magno
537 1930 632 1990 verba
646 1931 773 1992 dedisse
788 1931 858 1991 deo.

126 2014 346 2076 praeteriturus
361 2028 444 2073 eram
458 2013 580 2089 gladios
595 2015 625 2073 in
642 2015 779 2091 principe
793 2016 884 2090 fixos,

168 2098 242 2159 Cum
257 2097 302 2158 sic
317 2113 336 2157 a
349 2097 442 2158 castis
455 2098 554 2159 Vesta
568 2099 670 2160 locuta
685 2098 777 2160 iocis:

126 2183 182 2242 ‘Ne
197 2181 302 2242 dubita
316 2181 506 2242 meminisset
535 2197 624 2242 meus
639 2183 693 2242 luit
706 2183 757 2242 ille
774 2183 933 2245 sacerdos.

58 2284 113 2341 ιω
164 2265 339 2340 Sacrilegoe
353 2265 421 2325 telis
436 2281 486 2325 me
500 2267 615 2341 petiere
629 2283 746 2328 manus.

126 2352 199 2425 Ipso
213 2349 310 2409 virum
324 2350 428 2424 rapui,
443 2349 669 2426 simulacraque
684 2350 767 2412 nuda
780 2349 899 2424 reliqui.

167 2434 251 2508 Quae
268 2433 379 2493 cecidit
392 2433 487 2508 terro,
504 2433 644 2495 Caesaris
658 2433 765 2495 umbra
780 2434 857 2494 luit’

126 2520 180 2579 llle
196 2516 320 2594 quidem
335 2517 422 2578 caelo
437 2517 558 2592 positus
573 2519 657 2580 lovis
672 2519 748 2580 atria
762 2518 846 2592 vidit,

165 2601 203 2661 Et
215 2607 298 2661 tenet
311 2601 342 2660 in
357 2617 468 2676 magno
482 2603 596 2676 templa
610 2602 711 2662 dicata
726 2603 803 2663 loro.

56 2699 113 2754 ‘tos
128 2687 167 2745 nt
182 2685 367 2761 quicumque
380 2686 468 2745 netas
483 2685 565 2759 ausi,
581 2684 762 2761 prohibente
777 2685 905 2746 deorum

166 2769 311 2840 Numine,
332 2769 503 2845 polluerant
517 2768 695 2844 pontificale
709 2775 809 2845 caput,

125 2852 223 2914 Morte
238 2852 338 2912 iacent
355 2853 471 2913 merita.
498 2853 606 2915 Testes
621 2859 720 2914 estote
734 2852 876 2928 Philippi,

163 2935 201 2997 lit
216 2951 345 3009 quorum
361 2937 479 3012 sparsis
495 2936 620 2999 ossibus
634 2936 716 2998 albet
729 2937 850 2997 humus.

126 3019 192 3081 lloc
208 3036 303 3096 opus,
319 3019 396 3080 haec
412 3019 524 3095 pietas,
540 3022 617 3083 haec
631 3021 730 3098 prima
745 3021 894 3081 elemento
909 3021 1031 3084 luerunt

57 3111 112 3166 710
167 3103 324 3176 caesoris,
338 3102 446 3165 ulcisci
462 3104 540 3165 iusta
556 3122 612 3182 per
627 3123 712 3167 arma
725 3111 852 3181 patrem.

484 3237 623 3300 16.CF

127 3353 253 3415 Postera
268 3369 336 3416 cum
349 3361 470 3416 teneras
489 3371 602 3416 aurora
615 3325 755 3418 refecerit
767 3355 890 3432 herbas,

170 3437 317 3515 Scorpios
334 3436 463 3517 aprima
477 3445 564 3518 porte
578 3438 730 3502 videndus
746 3439 811 3501 erit
