2318 3960
102 216 143 282 18
500 214 723 276 TRISTlUM

141 378 176 432 50
231 369 388 442 Linguave
402 373 541 428 servatae
555 381 696 440 pennave
712 365 787 425 dixit
801 366 883 425 avis:

191 450 360 526 Augurium
373 451 448 511 ratio
464 455 512 509 est
526 455 557 508 ct
571 448 747 508 coniectura
761 449 866 508 lutari:

122 569 126 575 -
230 535 296 595 Hac
313 534 445 595 divinavi
459 532 657 606 notitiamque
671 531 733 591 tuli.

191 618 274 691 Quae
290 618 432 692 quoniam
445 632 520 676 vera
531 620 586 687 est,
602 621 664 675 tota
679 614 731 675 tibi
746 622 845 675 mente
857 615 994 690 mihique

234 703 382 775 Gratulor,
397 701 550 775 ingenium
567 715 627 760 non
642 698 769 759 latuisse
783 704 877 758 tuum.

140 795 173 847 55
188 786 229 844 At
242 791 379 845 nostrum
392 783 525 846 tenebris
539 783 654 843 utinam
668 782 807 842 latuisset
820 781 849 840 in
864 781 948 842 imis!

228 868 371 943 Expediit
385 867 485 929 studio
499 869 600 927 lumen
616 866 728 925 abesse
742 880 820 925 meo.

187 952 287 1025 thue
302 951 354 1011 tihi
370 956 501 1026 prosunt
514 955 604 1026 artes,
621 949 762 1019 facunde,
779 963 916 1022 severae,

227 1035 397 1095 Dissimiles
413 1034 471 1094 illis
487 1034 532 1094 sie
546 1047 679 1094 nocuere
695 1031 776 1091 mihi

187 1118 258 1179 Vita
272 1124 372 1178 tamen
386 1118 438 1180 tibi
453 1123 525 1178 nota
538 1133 606 1177 mea
622 1122 678 1175 est
704 1116 767 1176 scis
783 1114 896 1175 artibus
912 1115 971 1175 illis

139 1211 174 1264 60
230 1202 372 1262 Auctoris
387 1217 490 1263 mores
506 1200 692 1261 abstinuisse
708 1199 770 1259 sui·

188 1284 254 1345 Scis
270 1291 358 1345 vetus
373 1285 455 1347 hoe
446 1284 549 1345 iuveni
563 1286 663 1344 lusrnn
677 1282 749 1342 mihi
765 1297 895 1354 carmen,
912 1286 942 1343 et
955 1281 1045 1356 ιειοε

229 1370 268 1430 Ut
283 1385 344 1429 non
358 1369 540 1443 laudandos,
557 1368 600 1428 sic
615 1375 715 1428 tamen
730 1381 801 1426 esse
815 1365 913 1426 iocos.

184 1453 265 1527 Ergo
283 1457 317 1514 ut
331 1453 452 1512 delendi
466 1452 549 1512 nullo
564 1466 632 1510 mea
645 1466 742 1525 posse
757 1451 870 1523 colore,

229 1534 280 1594 Sic
295 1535 436 1594 excusari
452 1535 577 1593 crimina
591 1549 686 1608 posse
700 1541 784 1608 puto.

134 1626 170 1680 65
187 1617 251 1690 Qua
266 1624 364 1692 potes,
380 1632 505 1691 excusa,
518 1632 575 1676 nec
591 1617 678 1676 amici
694 1617 804 1675 desere
819 1621 958 1675 causam!

228 1701 292 1774 Quo
309 1700 386 1759 bene
402 1700 540 1775 coepisti,
557 1699 601 1759 sic
618 1701 699 1774 pede
714 1713 837 1773 semper
853 1713 915 1758 eas.

99 1828 166 1925 10·
188 1828 249 1926 Est
262 1866 333 1925 mihi
348 1865 458 1941 sitque,
475 1884 594 1943 precor,
610 1866 709 1927 flavae
724 1869 816 1926 tutela
829 1867 994 1940 Minervae,

228 1949 330 2025 Navis,
347 1957 378 2011 et
392 1967 410 2010 a
425 1952 506 2026 picta
521 1951 643 2011 casside
658 1965 768 2011 nomen
783 1948 883 2010 habet.

186 2033 258 2093 Sive
273 2050 351 2108 opus
368 2041 415 2094 cst
428 2035 515 2107 velis,
532 2035 684 2094 minimam
699 2035 778 2094 bene
794 2033 886 2094 currit
900 2034 940 2093 ad
955 2050 1075 2095 auram.

226 2116 298 2176 Sive
313 2133 392 2191 opus
409 2125 456 2176 est
470 2133 564 2189 remo,
580 2118 694 2191 remige
710 2117 807 2191 carpit
820 2117 886 2176 iter.

147 2209 164 2260 5
179 2200 241 2258 Nec
256 2200 380 2260 comites
396 2200 512 2260 volucri
527 2205 669 2260 contenta
684 2206 732 2259 est
744 2200 868 2259 vincere
883 2215 984 2274 cursu,

220 2281 357 2357 Occupat
371 2298 515 2357 egressas
531 2283 697 2358 quamlibet
710 2289 780 2341 ante
794 2291 885 2356 cetea,

181 2366 219 2426 Et
231 2365 343 2440 patitur
358 2365 470 2429 fluctus
486 2367 604 2441 fertque
620 2365 787 2426 assilientia
800 2367 892 2440 longe

224 2449 377 2524 Aequora,
393 2465 451 2510 nec
466 2450 568 2510 saevis
586 2450 647 2509 icta
661 2448 773 2509 fatiscit
788 2448 888 2524 aquis.

182 2533 244 2604 llla,
261 2532 459 2593 Corinthiacis
474 2533 606 2608 primum
620 2532 692 2593 mihi
709 2533 830 2607 cognita
845 2532 1019 2609 Cenchreis,

134 2625 168 2676 lo
223 2614 298 2675 Fida
313 2622 414 2677 manet
429 2616 566 2692 trepidae
581 2617 707 2691 duxque
723 2631 889 2691 comesque
905 2618 1005 2692 fugae,

181 2698 300 2773 Perque
315 2705 359 2760 tot
373 2707 499 2761 eventus
515 2708 545 2762 et
558 2701 670 2776 iniquis
686 2700 805 2761 concita
820 2702 918 2760 ventis

221 2783 367 2857 Aequora
380 2783 515 2844 Palladio
531 2786 653 2844 numine
667 2789 732 2844 tuta
745 2783 808 2842 luit.

181 2866 268 2926 Nunc
282 2882 407 2941 quoque
421 2875 492 2941 tuta,
508 2883 628 2942 precor,
643 2866 722 2927 vasti
737 2873 823 2927 secet
837 2867 916 2927 ostia
929 2866 1027 2943 Ponti,

222 2950 366 3025 Quasque
379 2951 460 3025 petit,
478 2952 572 3012 Getici
586 2951 682 3012 litoris
697 2951 787 3011 intret
800 2966 908 3025 aquas.

132 3042 165 3095 15
181 3033 265 3106 Quae
280 3033 369 3094 simul
384 3035 511 3094 Aeoliae
525 3051 609 3095 mare
624 3050 671 3094 me
687 3034 813 3095 deduxit
827 3034 857 3093 in
872 3034 986 3107 Helles

219 3117 257 3178 Ει
269 3119 393 3192 longum
407 3120 489 3179 tenui
504 3119 596 3179 limite
611 3119 683 3177 lecit
696 3118 761 3192 iter,

177 3200 332 3262 Fleximus
348 3203 377 3262 in
395 3204 515 3262 laevum
531 3218 650 3275 cursus,
667 3207 697 3260 et
711 3202 749 3261 ab
763 3201 886 3262 Actoris
901 3200 979 3261 urbe

220 3285 369 3346 Venimus
384 3286 424 3359 ad
438 3292 556 3360 portus,
571 3284 681 3344 Imbria
695 3291 783 3359 terra,
800 3291 880 3346 tuos.

179 3367 261 3441 lnde,
278 3370 337 3428 levi
351 3376 443 3429 vento
458 3367 623 3445 Zerynthia
639 3368 729 3429 litora
743 3374 841 3442 nacta,

125 3461 160 3512 ιο
215 3449 384 3512 threiciam
399 3451 494 3526 tetigit
508 3451 591 3512 fessa
608 3452 710 3512 carina
725 3450 848 3511 Samon.
