2318 3960
346 224 401 299 111,
424 224 459 301 9,
480 225 602 300 6—1v‚
627 223 660 300 l,
682 224 731 288 19.

158 377 245 440 Unus
262 376 444 453 amicorum,
462 378 568 452 Brute,
585 378 742 452 rogandus
758 386 844 439 eratt

63 471 99 526 46
114 462 183 524 lton
198 461 253 522 luit
265 459 326 522 hoc
339 462 423 521 tanti.
453 462 598 521 confesso
614 462 778 538 ignoscite,
798 463 895 524 docti:

160 544 259 609 Vilior
274 552 322 605 est
336 545 440 620 operis
458 545 539 603 lama
552 545 650 604 salute
664 560 743 605 mea.

115 629 256 704 Denique
268 628 426 689 materiam
442 643 533 702 quam
549 629 618 702 quis
634 627 692 688 sibi
708 629 829 691 finxerit
842 629 920 705 ipse,

157 712 291 774 Arbitrio
306 713 405 773 variat
418 712 512 772 multa
525 718 618 787 poeta
635 728 702 773 suo.

117 796 208 857 Musa
223 811 291 857 mea
305 802 353 856 est
367 795 461 855 index
476 795 600 855 nimium
616 812 740 872 quoque
755 810 829 856 vera
843 798 1001 875 malorum,

66 889 103 942 50
160 877 262 955 Atque
276 879 444 954 incorrupti
461 880 600 954 pondera
616 880 702 940 testis
718 880 819 940 habet.

116 963 179 1023 Nec
197 963 275 1022 liber
286 970 320 1024 ut
334 963 435 1037 lieret,
451 963 564 1023 seduli
581 979 639 1023 sue
654 963 765 1039 cuique
780 964 903 1026 daretur

158 1046 286 1132 Littera,
302 1047 495 1123 propositum
513 1062 649 1121 curaque
663 1053 771 1107 nostra
788 1047 852 1106 luit.

115 1130 283 1192 Postmodo
299 1132 459 1202 collectas,
476 1137 642 1204 utcumque
657 1130 725 1190 sine
740 1130 863 1205 ordine,
880 1131 979 1193 iunxi=

158 1216 226 1275 Hoc
240 1229 321 1291 opus
336 1217 465 1276 electum
480 1230 519 1274 ne
532 1214 606 1274 mihi
623 1215 702 1276 sorte
718 1221 818 1289 putes.

62 1308 97 1360 55
112 1300 159 1358 Da
174 1297 296 1358 veniam
311 1298 450 1374 scriptis,
467 1314 597 1374 quorum
611 1313 674 1359 non
692 1298 791 1372 gloria
805 1298 895 1359 nobis

159 1381 273 1457 Causa,
289 1383 347 1443 sed
360 1383 473 1444 utilitas
489 1383 687 1455 officiumque
701 1381 764 1442 luit.

447 1528 632 1536 *—

250 1733 253 1745 ,
324 1662 479 1746 ttulit
505 1660 748 1754 attulit.

62 1814 102 1909 1.
155 1848 303 1910 snxro
324 1848 540 1911 ronpnro.

116 1934 253 2042 Accipe,
269 1966 411 2041 Pompei,
431 1966 594 2026 deductum
610 1980 732 2024 carmen
747 1964 785 2023 ah
801 1965 862 2040 illo,

154 2049 280 2110 Debitor
295 2056 343 2109 est
355 2050 437 2110 vitae
453 2050 504 2125 qui
519 2048 588 2122 tibi,
607 2047 717 2123 Sexte,
733 2062 820 2121 suae

113 2133 170 2207 Qui
184 2149 240 2194 seu
254 2147 316 2193 non
331 2131 477 2206 prohibes
492 2148 511 2192 a
524 2149 573 2192 me
587 2138 639 2192 tua
656 2132 780 2192 nomine
794 2129 877 2207 poni,

154 2216 292 2277 Accedet
307 2217 422 2277 meritis
437 2216 514 2276 haec
530 2231 654 2291 quoque
668 2230 787 2276 summa
800 2214 878 2276 tuis=

82 2307 99 2361 5
117 2301 191 2361 Sive
205 2300 300 2361 trahIs
316 2301 434 2375 vultus,
452 2301 597 2377 equidem
610 2315 761 2376 peccasse
776 2296 903 2374 fatebor,

152 2384 261 2446 Delicti
275 2391 375 2444 tamen
390 2390 438 2444 est
452 2400 548 2445 causa
563 2385 724 2459 probanda
737 2384 806 2444 mei.

110 2468 178 2530 Non
195 2468 291 2544 potuit
303 2483 372 2529 mea
388 2482 489 2545 mens,
506 2475 592 2529 esset
605 2469 679 2545 quin
693 2475 794 2543 grata,
810 2465 915 2527 teneri.

155 2551 202 2613 Sit
216 2566 327 2628 precor
342 2551 445 2614 officio
461 2568 523 2613 non
536 2553 639 2626 gravis
653 2553 698 2611 ira
713 2552 774 2626 pio.

110 2634 151 2696 01
169 2636 312 2711 quotiens
326 2651 383 2711 ego
400 2653 467 2697 sum
482 2635 567 2696 libris
582 2635 655 2695 mihi
670 2635 756 2695 visus
772 2635 801 2693 in
817 2633 883 2694 istis

58 2725 94 2781 lo
150 2720 283 2797 Impius,
299 2719 330 2780 in
344 2722 427 2780 nullo
444 2720 528 2795 quod
542 2721 679 2793 legerere
693 2719 779 2779 locos

111 2802 151 2864 ΟΞ
170 2805 326 2880 quotiens,
342 2804 393 2864 alii
409 2805 520 2864 vellem
536 2818 605 2864 cum
619 2801 768 2877 scribere,
784 2816 895 2861 nomen

152 2887 276 2949 Rettulit
291 2889 321 2948 in
337 2904 425 2949 ceras
440 2888 538 2948 inscia
552 2887 660 2947 dextra
675 2892 774 2946 tuum!

108 2971 122 3030 l
123 2988 182 3048 pse
196 2972 269 3032 mihi
284 2973 397 3048 placuit
412 2972 533 3032 mendis
547 2972 579 3031 in
593 2971 704 3031 talibus
721 2985 815 3042 error,

150 3055 189 3117 Et
204 3057 256 3117 vix
270 3056 363 3117 invita
378 3057 458 3117 laeta
473 3057 561 3116 litura
573 3071 667 3114 manu
682 3059 737 3112 est.

58 3151 92 3208 lo
108 3140 251 3202 ‘Viderit'
267 3141 308 3202 ad
323 3156 474 3202 summum
489 3140 561 3199 dixi.
592 3137 674 3197 ‘licet
689 3137 757 3210 ipse
773 3140 925 3210 queratur,

150 3223 237 3286 Hanc
252 3225 347 3301 pudet
361 3223 512 3286 offensam
526 3237 588 3282 non
603 3220 753 3280 meruisse
767 3217 875 3296 prius!

106 3307 154 3370 De
168 3309 256 3382 mihi,
272 3309 299 3369 si
315 3308 388 3386 quid
402 3323 441 3369 ea
458 3314 519 3380 est,
534 3305 727 3366 hebetantem
741 3307 868 3381 pectora
882 3301 1004 3375 Lethen,

150 3390 267 3454 Oblitus
283 3398 390 3470 potero
406 3397 582 3454 nontamen
598 3403 670 3450 esse
684 3387 736 3448 tui.

106 3475 206 3554 idque
220 3475 305 3539 sinas
321 3491 393 3552 oro,
412 3491 470 3538 nec
484 3473 620 3536 fastidita
633 3472 766 3552 repellas
