2318 3960
485 619 742 706 tlt-rs.
1140 570 1146 797 Ι

189 845 331 955 Tempus
345 879 385 939 ad
400 879 468 950 boc,
484 879 589 939 lustris
604 877 652 937 bis
665 877 726 937 iam
741 875 813 935 rnilri
830 874 966 950 quinque
978 875 1118 953 permis,

230 961 325 1024 Omne
340 964 394 1023 luit
407 963 515 1023 Musae
529 977 651 1022 carmen
666 959 781 1023 inerme
796 974 897 1020 meae:

187 1048 346 1122 Nullaque,
371 1063 450 1120 quae
464 1047 573 1122 possit,
593 1045 719 1120 scriptis
733 1050 777 1102 tot
791 1042 921 1116 milibus,
938 1051 1032 1106 extat
1137 1072 1150 1114 4

228 1132 340 1192 Littera
355 1131 487 1191 Nasonis
502 1129 737 1205 sanguinolenta
747 1126 828 1202 legi:

159 1216 248 1280 allec
264 1231 446 1290 quemquam
462 1214 568 1286 nostri,
589 1213 720 1285 nisime,
744 1211 863 1272 laesere
877 1210 980 1286 libelli,

228 1298 363 1360 Artificis
378 1299 468 1374 periit
481 1313 550 1359 cum
567 1306 660 1372 capnt
672 1299 747 1357 Arte
762 1312 828 1356 sua.

186 1383 303 1443 Unus...
320 1389 351 1442 et
363 1382 423 1443 hoc
438 1382 540 1457 ipsum
555 1388 603 1442 est
616 1381 725 1441 iniuria
739 1394 880 1455 magna...
897 1390 1063 1456 perennem

230 1465 379 1528 Candoris
394 1467 511 1527 titulum
527 1480 588 1524 non
604 1465 675 1524 sinit
690 1479 762 1524 esse
776 1463 845 1523 mci.

188 1549 332 1625 Quisquis
348 1549 374 1609 is
390 1557 467 1624 est..
481 1566 552 1610 nam
563 1564 675 1609 nomen
691 1548 791 1609 adbuc
806 1554 971 1625 utcumque
981 1550 1119 1612 tacebo„

147 1646 180 1697 10
232 1633 319 1708 cogit
332 1633 649 1694 inadsuetassumere
664 1632 723 1692 tela
737 1648 856 1694 manus.
1139 1652 1151 1721 a

187 1719 241 1777 llle
255 1719 422 1792 relegatum
436 1717 556 1792 gelidos
572 1717 725 1792 aquilonis
741 1715 781 1776 ad
796 1722 880 1776 ortus

228 1801 295 1860 Non
310 1801 381 1861 sinit
395 1802 486 1863 exilio
504 1801 662 1862 delituisse
676 1816 762 1860 mcor

186 1886 385 1961 Vulneraque
400 1886 511 1946 inmitis
525 1885 663 1962 requiem
679 1884 856 1960 quaerentia
869 1892 971 1962 vexat,

229 1970 323 2030 Iactat
338 1979 367 2029 el
380 1971 410 2030 in
426 1978 489 2031 toto
506 1970 628 2030 nomina
642 1976 750 2029 nostra
763 1970 840 2044 loro,

146 2051 399 2128 15Perpetuoque
413 2054 484 2112 mihi
501 2055 648 2113 sociatam
664 2053 790 2113 loedere
805 2053 874 2113 lecti

228 2137 295 2196 Non
309 2137 420 2213 patitur
434 2136 537 2196 miseri
552 2138 659 2197 lunera
673 2135 749 2195 flere
762 2136 836 2194 viri:
890 2182 893 2189 ,

188 2220 324 2294 Cumque
339 2235 397 2294 ego
410 2236 527 2294 quassa
541 2233 628 2281 meae
644 2220 830 2295 complectar
840 2220 977 2283 membra
991 2221 1120 2299 carinae,

228 2303 383 2377 Naufragii
398 2304 518 2365 tabulas
535 2309 650 2378 pugnat
663 2301 778 2362 habere
792 2304 866 2364 meir

186 2387 224 2445 Et
239 2386 290 2458 qui
306 2387 454 2446 debuerat
468 2387 585 2447 subitas
600 2385 778 2461 extinguere
792 2385 942 2463 flammas,

145 2477 180 2529 20
232 2469 288 2527 Hic
302 2470 450 2544 praedam
465 2471 566 2530 medio
582 2477 688 2545 raptor
700 2470 739 2531 ab
755 2471 825 2546 igne
840 2473 924 2548 petit.

186 2552 301 2626 Nititur,
326 2560 360 2614 ut
374 2555 524 2630 profugae
538 2555 641 2616 desint
655 2554 799 2616 alimenta
814 2563 968 2617 senectae.

228 2637 309 2697 Heu!
332 2646 445 2711 quanto
461 2645 508 2700 est
522 2640 636 2700 nostris
651 2638 771 2714 dignior
784 2640 852 2715 ipse
866 2641 971 2703 malis!

186 2721 224 2780 lli
238 2721 361 2782 melius!
385 2738 512 2798 quorum
526 2724 617 2798 longe
632 2723 704 2783 mihi
718 2724 867 2785 maximus
881 2725 932 2786 ille
946 2731 1002 2802 est,

231 2805 285 2878 Qui
301 2813 422 2867 nostras
435 2807 545 2883 inopes
561 2808 658 2868 noluit
672 2823 743 2868 esse
759 2808 834 2868 vias.

145 2896 179 2953 li
190 2890 267 2950 Huic
282 2890 373 2965 igitur
387 2891 510 2952 meritas
524 2899 636 2967 grates,
659 2892 844 2967 ubicumque
858 2892 970 2968 licebit„

228 2974 287 3032 Pro
301 2980 361 3034 tam
377 2982 536 3037 mansueto
550 2983 675 3051 pectore
690 2991 818 3052 semper
827 2993 926 3052 agam.

187 3057 300 3118 Audiet
315 3057 375 3118 hoc
388 3058 513 3121 Pontus.
545 3059 649 3120 Faciet
665 3076 789 3135 qnoque
803 3061 931 3122 forsitan
945 3058 1037 3139 idem,

230 3142 323 3201 Terra
338 3143 377 3202 sit
391 3149 423 3204 ut
437 3142 565 3219 propior
579 3144 771 3204 testificanda
785 3143 867 3204 mihi.

188 3225 228 3282 At
242 3223 304 3298 tibi,
327 3227 452 3287 calcasti
472 3227 523 3302 qui
538 3243 595 3302 me,
619 3228 762 3303 violente,
783 3228 941 3302 iacentem,

146 3316 182 3370 30
236 3307 301 3381 Qua
317 3310 386 3368 licet
401 3311 443 3370 eit
465 3311 587 3384 misero,
605 3311 726 3372 debitus
737 3311 835 3372 hostis
851 3327 914 3372 ero.

188 3390 315 3451 Desinet
328 3408 400 3454 esse
414 3393 499 3472 prius
515 3397 683 3456 contrarius
699 3394 820 3471 ignibus
835 3396 954 3473 humor,
