2318 3960
100 218 169 283 130
502 213 561 274 EX
588 212 733 274 PONTO
1141 39 1149 365 Ι

189 373 230 432 m
243 370 305 442 tibi,
326 384 381 429 rex
395 382 483 440 aevo,
506 367 601 441 detur,
624 367 788 426 fortissime
802 372 924 439 nocuo,-

231 453 360 528 Semper
374 450 525 512 honorata
538 455 660 525 sceptra
674 456 777 510 tenere
791 466 892 511 manu.
1142 490 1144 507 .

190 541 308 614 Teque,
341 536 424 611 quod
447 542 476 594 et
500 540 688 609 praestot,...
716 533 791 610 quid
818 533 897 594 enlm
926 534 980 596 tibi
1007 535 1117 613 plenius

232 620 340 680 Martia
351 635 420 679 cum
431 632 542 693 niagno
554 618 686 677 caesare
697 617 795 678 Roma
805 616 923 693 probet
953 619 1118 698 [optetut...

150 705 259 770 taSed
273 702 487 763 memorande
502 700 572 774 abii,
595 716 715 774 queror,
738 716 757 762 o
772 701 905 762 iocunde
918 704 1048 780 sodalis,

232 786 392 848 Accedant
405 785 518 846 nostris
533 800 628 845 saeva
643 785 727 860 quod
743 801 826 845 arma
840 785 938 846 malis.

192 873 231 932 Ut
245 886 335 931 careo
350 870 449 941 vobis,
473 867 597 947 Stygias
613 868 755 929 detrusus
769 869 799 928 in
815 884 895 943 oras,

115 957 121 967 “
234 954 379 1028 Quattuor
393 960 553 1013 autumnos
567 951 667 1011 Pleias
683 959 749 1012 orta
764 953 843 1012 lucit.

192 1039 254 1099 Nec
267 1045 301 1099 tu
315 1036 481 1097 credideris
495 1036 630 1097 urbanae
645 1037 806 1097 commoda
820 1037 900 1097 vitae

151 1132 186 1185 30
238 1121 388 1195 Quaerere
402 1120 564 1180 Nasonem.
599 1120 716 1196 quaerit
731 1127 760 1180 et
773 1121 825 1180 illa
839 1128 950 1181 tamen.

193 1206 269 1266 Nam
283 1204 375 1265 modo
392 1219 448 1264 vos
464 1203 565 1263 animo
581 1204 687 1264 dulccs
701 1205 881 1265 reminiscor
894 1203 994 1276 amici,

234 1289 319 1348 Nunc
333 1287 405 1348 mihi
421 1304 489 1347 oum
505 1303 576 1347 cara
591 1287 721 1362 coniuge
735 1295 805 1348 natu
820 1287 917 1348 subit=

194 1374 284 1448 Aque
299 1372 391 1432 domo
406 1386 513 1432 rursus
529 1371 673 1446 pulchrae
687 1372 756 1431 loca
774 1377 877 1432 vertor
891 1371 931 1431 ad
947 1368 1047 1446 Urbis,

237 1456 413 1532 Cunctaque
427 1471 514 1515 mens
529 1455 626 1514 oculis
641 1455 782 1530 pervidet
794 1470 852 1515 usa
865 1455 941 1515 suis.

152 1547 187 1600 ta
197 1540 284 1600 Nunc
299 1539 374 1614 lora,
397 1553 478 1598 nunc
492 1538 596 1611 aedes,
620 1554 700 1599 nunc
714 1552 865 1600 marmore
878 1545 959 1599 tecta
973 1537 1096 1613 theatra,

236 1622 321 1683 Nunc
336 1621 418 1683 subit
432 1627 562 1697 aequate
576 1622 711 1697 porticus
726 1623 825 1683 omnis
839 1621 942 1683 humo.

196 1705 339 1766 Gramina
353 1721 434 1764 nunc
449 1705 554 1779 Campi
569 1705 714 1780 pulchros
730 1705 897 1781 spectantis
912 1705 1074 1785 intortos,
1114 1709 1115 1712 ’

236 1787 411 1865 stagnaque
426 1796 456 1848 et
469 1789 575 1863 euripi,
597 1789 821 1865 Virgineusque
834 1789 944 1866 liquor.

195 1877 244 1945 At,
267 1879 349 1948 puto,
372 1872 418 1933 sic
431 1871 523 1933 Urbis
538 1873 651 1933 misero
666 1879 714 1933 est
727 1880 833 1947 erepta
846 1874 1000 1950 voluptas,

146 1963 181 2017 40
237 1955 378 2030 Quolibet
391 1962 425 2016 ut
438 1956 545 2016 saltem
559 1972 629 2015 rure
643 1957 701 2016 frui
716 1958 826 2017 liceatt

195 2041 263 2099 Non
277 2054 363 2100 meus
379 2040 511 2100 amissos
527 2040 646 2100 animus
662 2040 818 2114 desiderat
830 2055 933 2116 agros,

238 2124 383 2199 Ruraque
397 2123 521 2198 Peligna
537 2123 758 2198 conspicienda
773 2123 850 2196 solo,

196 2208 258 2266 Nec
276 2222 356 2282 quos
370 2207 508 2282 piniferis
522 2207 643 2282 positos
659 2208 687 2266 in
705 2208 833 2268 coitibus
846 2206 954 2268 hortos

239 2290 364 2365 Spectat
377 2290 542 2350 Flaminiae
557 2291 664 2363 ¹Clodia
679 2291 779 2351 iuncta
795 2290 871 2350 viae.

145 2386 180 2437 45
199 2374 282 2448 Quos
298 2388 356 2447 ego
370 2373 476 2434 nescio
492 2375 541 2434 cui
556 2374 645 2447 colui,
670 2375 781 2449 quibus
795 2375 864 2449 ipse
876 2374 1015 2435 solebam

238 2458 288 2517 nd
303 2462 371 2518 sata
385 2457 535 2532 fontanas,
554 2473 612 2518 nec
628 2458 730 2534 pudet,
752 2458 868 2518 addere
880 2472 996 2534 aquosa

197 2541 274 2601 Sunt
286 2539 349 2615 ubi,
371 2541 397 2600 si
411 2542 526 2616 vivunt,
550 2547 656 2602 nostra
670 2557 794 2618 quoquc
809 2542 929 2603 consita
942 2542 1102 2619 quaedam,

237 2623 300 2685 Sed
315 2640 377 2685 non
391 2632 422 2686 et
435 2632 540 2685 nostra
555 2641 648 2700 poma
661 2626 792 2700 legenda
806 2641 907 2687 manu.

196 2708 254 2768 Pro
271 2707 381 2784 quibus
396 2708 519 2769 amissis
533 2709 648 2768 utinam
663 2710 839 2785 contingere
852 2710 956 2785 possit

155 2803 189 2854 50
240 2793 296 2852 llic
312 2793 420 2852 saltem
435 2793 566 2868 prologo
582 2791 672 2867 gleba
686 2793 816 2854 colenda
830 2793 917 2854 mihil

196 2877 268 2951 lpse
282 2892 340 2951 ego
355 2876 527 2952 pendentis,
548 2876 637 2936 liceat
650 2877 753 2950 modo,
775 2892 853 2952 rupe
868 2877 1014 2954 capellas,

237 2960 309 3035 lpse
325 2960 413 3020 velim
427 2958 538 3021 baculo
554 2975 683 3036 pascere
696 2960 786 3021 nixus
802 2954 888 3021 oves.

197 3043 268 3118 lpse
282 3058 349 3119 cgo,
370 3059 409 3102 ne
425 3043 523 3104 solitis
539 3044 681 3104 insistant
695 3049 820 3120 pectora
835 3043 925 3119 curis,

239 3126 355 3187 Ducam
368 3128 517 3188 ruricolas
533 3127 591 3188 sub
606 3127 678 3202 iugo
692 3144 786 3189 curva
800 3127 908 3188 boves.

154 3217 189 3269 55
201 3209 240 3269 Et
254 3209 371 3270 discam
386 3212 480 3271 Getici
497 3228 576 3287 quac
591 3218 702 3272 norunt
717 3210 811 3271 verba
825 3211 955 3286 iuvenci,

238 3293 394 3355 Adsuetas
408 3295 467 3355 illis
483 3295 675 3370 adiciamque
689 3294 798 3356 minas.

198 3374 269 3450 lpse
286 3391 378 3437 manu
392 3380 533 3453 capulum
547 3379 648 3455 pressi
663 3379 839 3439 moderatus
853 3377 946 3438 arunt

239 3456 389 3534 Experiar
402 3467 484 3523 mota
499 3478 646 3539 spargere
660 3477 765 3523 semen
780 3461 882 3523 humo.

1142 1584 1151 1653 l
