2318 3960
378 215 428 287 iil,
453 213 480 290 l,
503 211 617 289 62-8,
639 212 690 276 28.

112 368 148 428 Ut
164 366 214 425 via
228 365 313 425 finite
329 373 377 426 est
391 373 420 427 et
435 382 515 442 opus
530 367 680 442 requievit
695 366 798 442 eundi,

152 450 189 509 m
203 464 323 523 poenae
337 449 426 510 telius
442 455 489 510 est
504 449 578 508 mihi
592 455 673 510 taeta
689 464 785 524 meae,

110 534 158 594 Nil
172 532 231 592 nisi
246 531 322 592 flere
337 533 423 607 libet,
439 548 496 592 nee
512 541 617 594 nostre
630 535 753 608 parcior
767 533 864 592 imber

56 627 93 679 to
148 616 291 690 Lumine,
312 617 352 676 de
365 631 459 676 vernn
473 631 564 692 quarn
579 616 649 677 nive
663 624 766 677 manat
779 633 869 693 aqua

110 703 210 762 Rama
224 700 399 774 domusque
411 700 492 760 subit
507 701 756 776 desideriumque
770 702 916 774 lecormn,

154 783 305 859 Quicquid
320 789 351 842 et
365 784 480 845 amissa
494 791 589 846 restat
608 785 638 845 in
653 784 729 845 urbe
743 784 813 844 mei.

110 868 145 927 m
161 866 247 940 mihi,
269 867 352 942 quod
367 870 464 926 nestor·
478 869 590 929 totiens
605 869 728 944 pulsatu
742 867 875 943 sepuicri

152 951 263 1023 Ianua,
284 951 342 1011 sed
355 952 440 1010 nulio
456 959 596 1028 tempore
614 959 721 1027 enecta
734 952 804 1011 suit!

59 1042 94 1094 25
111 1035 169 1094 Cur
182 1049 240 1108 ego
261 1041 306 1095 tot
323 1035 445 1109 gladios
458 1037 521 1112 iugi
535 1037 709 1108 totiensque
722 1036 836 1094 minate

154 1115 260 1178 Obruit
273 1117 379 1178 infelix
395 1117 478 1180 nulle
492 1119 628 1196 procella
647 1125 760 1194 cuputt

111 1202 163 1274 Di,
185 1215 264 1274 quos
284 1200 431 1276 experior
447 1204 571 1264 nimium
586 1207 762 1263 constanter
776 1201 909 1275 iniquos,

152 1283 321 1360 Participes
336 1286 400 1344 irae
415 1300 494 1358 ques
511 1288 588 1347 deus
608 1298 690 1345 unus
701 1284 801 1356 hebet
920 1289 926 1296 ’

111 1366 323 1443 *exstimulata
339 1377 465 1444 precer,
487 1371 641 1431 cessantia
655 1368 718 1428 ieta
736 1369 859 1442 meique

60 1457 96 1511 30
149 1450 289 1513 interitus
305 1453 427 1512 clausas
443 1466 514 1515 esse
533 1460 635 1516 vetate
650 1453 748 1512 forest

45 1585 88 1683 3·
112 1586 200 1683 Haec
213 1636 297 1698 mea,
319 1624 345 1682 si
361 1634 437 1684 cesu
452 1622 588 1696 miraris,
605 1624 735 1700 epistola
752 1637 847 1698 quere

151 1706 285 1767 Alterius
301 1706 403 1782 digitis
424 1706 606 1782 scriptasit,
628 1722 721 1782 aeger
739 1720 832 1771 erem.

109 1791 210 1864 Aeger
228 1790 259 1850 in
274 1789 417 1850 extremis
432 1790 527 1866 ignoti
541 1791 679 1866 partibus
690 1791 786 1885 prbis,

152 1875 351 1949 incertusque
370 1883 457 1935 meae
477 1888 576 1950 paene
591 1875 698 1936 solutis
714 1888 805 1934 eram.

74 1964 91 2016 5
108 1955 185 2029 Quid
199 1957 272 2016 mihi
291 1972 371 2017 nunc
387 1958 477 2017 animi
497 1958 563 2017 dire
576 1960 702 2033 regione
722 1958 830 2016 iacenti

151 2041 234 2100 inter
249 2039 447 2101 Sauromatas
462 2055 533 2100 esse
550 2041 706 2114 Getasque
727 2046 837 2115 potest

110 2123 173 2182 Nee
187 2125 306 2184 caetum
320 2125 429 2200 patior,
445 2140 503 2184 nec
518 2125 607 2199 equis
621 2125 821 2184 adsuevimus
835 2123 911 2194 istis,

151 2207 305 2284 Terraque
321 2208 427 2268 neseio
448 2223 509 2282 quo
530 2219 591 2268 non
611 2211 714 2283 piacet
732 2208 801 2282 ipse
819 2208 922 2267 modo.

110 2289 177 2350 Non
193 2291 301 2352 domus
317 2297 389 2366 epte
404 2293 496 2366 setis,
511 2302 573 2351 nott
588 2292 638 2351 hic
654 2290 740 2351 cibus
754 2291 835 2350 utilis
850 2305 953 2366 aegro,

60 2382 94 2433 to
149 2373 271 2448 nutius,
291 2375 455 2450 Apollinea
475 2376 527 2448 qui
546 2376 627 2435 leuet
646 2381 710 2435 erte
729 2375 854 2433 malumz

109 2457 177 2516 Non
197 2458 250 2532 qni
266 2459 396 2532 soletur,
417 2472 479 2518 non
500 2457 552 2534 qui
570 2458 702 2518 labentia
721 2458 807 2517 tarde

153 2542 303 2616 Tempora
318 2543 471 2601 uenando
487 2543 585 2616 satiet,
606 2541 722 2601 amicus
737 2541 835 2601 adest.

110 2624 227 2684 Lassus
248 2625 277 2683 in
299 2626 443 2684 extremis
464 2627 551 2686 iaceo
571 2625 757 2699 populisque
772 2625 921 2698 locisque,

152 2707 190 2768 m
206 2707 289 2769 subit
302 2709 422 2769 adiecto
437 2720 518 2769 nune
535 2707 621 2776 mihi,
644 2708 790 2781 quicquid
806 2706 901 2767 abest.

60 2799 94 2851 15
111 2789 220 2852 Omnis
233 2800 301 2852 cum
318 2793 460 2869 subeant,
477 2792 575 2852 oncis
594 2798 695 2852 tumen
716 2790 831 2862 omnia,
853 2790 997 2865 coniunx,

154 2874 191 2934 Et
205 2876 274 2951 plus
295 2875 446 2935 innostro
463 2883 588 2950 pectore
607 2880 694 2948 purte
708 2881 806 2935 tenes.

111 2957 153 3017 Te
168 2960 280 3033 loquer
294 2960 469 3031 absentem,
486 2966 516 3018 te
529 2975 593 3019 vox
612 2972 682 3017 meu
694 2958 830 3017 nominat
848 2972 957 3021 unum:

153 3041 242 3102 Nulla
260 3044 343 3102 venit
362 3043 474 3104 sinete
492 3057 555 3102 non
569 3042 656 3114 mihi,
672 3042 755 3100 nnita
770 3040 846 3099 dies.

112 3123 293 3196 Quinetiam
309 3125 354 3186 sic
368 3142 417 3186 me
433 3127 536 3186 dieunt
550 3125 650 3186 aliena
668 3125 811 3197 locutum,

59 3215 95 3266 m
152 3209 192 3271 Ut
207 3210 285 3271 toret
300 3211 410 3270 umenti
431 3225 543 3269 nomen
563 3210 593 3268 in
614 3221 667 3269 cre
681 3212 775 3266 tuum.

111 3289 144 3352 Si
158 3291 218 3353 iam
234 3294 389 3370 defletum,
405 3293 636 3368 subpressaque
650 3290 753 3366 lingua
772 3290 875 3368 putta

152 3376 214 3436 Vix
229 3377 374 3439 instillato
388 3377 576 3438 restituenda
589 3387 683 3449 mero,

112 3458 235 3520 Nuntiet
253 3460 313 3520 huc
329 3460 440 3537 aliquis
455 3462 609 3522 dominam
626 3458 763 3524 venisse.
781 3471 950 3534 resurgunt,
