2318 3960
468 217 525 293 vl,
547 216 726 282 sla-594.

168 370 243 445 lpsa
262 369 387 445 quidem
402 371 516 431 iecisse
531 381 637 447 negat,
654 373 711 432 sed
724 373 807 434 lama
820 374 947 451 recepit.

209 452 277 513 lloc
294 461 356 526 est,
372 469 427 514 cur
441 454 513 516 odio
528 455 567 515 sit
581 456 634 517 tibi
653 472 746 517 serva
760 473 878 518 manus.

143 575 148 585 ·
167 537 234 598 Non
248 544 350 597 tannen
365 538 516 613 hanc'pro
532 541 629 615 stirpe
644 557 702 601 sua
715 540 767 616 nia
782 548 878 602 mater
892 543 1009 605 adoret

97 628 153 686 560
208 622 281 697 Ipsa
297 638 404 698 pamm
419 622 494 682 lelix
509 623 578 685 visa
591 625 689 684 luisse
703 640 826 699 parens.

165 706 300 767 Alterius
317 708 435 781 proten
449 707 559 769 melius
574 707 758 769 mandabitis
772 709 825 768 illi.

207 789 316 851 Utilior
329 790 469 866 Baccho,
486 807 577 865 quarn
593 792 648 853 luit
661 793 732 868 ipsa
746 792 822 852 suis,

165 874 252 934 Hanc
266 875 334 950 tibi,
353 875 432 949 ‘Quo
448 880 632 951 properasl’
654 883 823 937 memorant
843 877 976 954 (luisse,
991 877 1082 940 Rutili

207 959 301 1019 ‘Luce
320 975 389 1020 mea
402 959 505 1020 Marso
521 961 628 1021 consul
644 960 682 1021 ab
698 960 787 1020 hoste
802 961 919 1023 cades’

96 1045 150 1100 565
164 1042 272 1103 Exitus
291 1044 424 1104 accessit
438 1043 551 1104 verbis.
581 1044 759 1118 llumenque
773 1045 879 1107 Toleni

206 1125 397 1202 Purpureum
412 1128 515 1188 mixtis
531 1128 680 1204 sanguine
694 1127 783 1188 fluxit
797 1130 897 1205 aquis.

163 1209 327 1271 Proximus
342 1228 440 1273 annus
461 1219 540 1273 erat:
568 1212 735 1273 Pallantide
750 1227 862 1274 caesus
878 1214 986 1276 eadem

206 1294 314 1355 Didius
330 1295 457 1356 hostiles
472 1296 669 1370 ingeminavit
683 1312 771 1373 opes.

163 1379 230 1438 Lux
246 1379 371 1454 eadem,
384 1380 533 1453 Fortuna,
550 1387 680 1452 tuaest,
696 1387 879 1456 auctorque,
895 1382 1056 1458 locusque.

95 1474 150 1530 570
206 1461 269 1523 Sed
283 1465 498 1538 superiniectis
518 1465 586 1538 quis
601 1466 674 1526 latet
688 1465 747 1525 iste
761 1463 864 1538 togise

164 1545 289 1607 Servius
305 1555 360 1607 est.
390 1549 452 1609 iam
466 1555 587 1608 constet
600 1550 691 1610 enirn.
720 1547 784 1608 Sed
803 1563 898 1609 causa
912 1550 1026 1610 latendi

204 1632 381 1707 Discrepat‚
397 1638 428 1693 et
440 1631 567 1693 dubium
578 1628 628 1693 me
643 1648 770 1709 quoquc
784 1632 894 1694 mentis
910 1633 1010 1695 habet.

162 1714 240 1775 lium
256 1715 315 1775 dea
328 1716 457 1777 furtivos
473 1716 577 1777 timide
593 1717 752 1793 profitetur
765 1731 896 1793 amores,

204 1798 437 1876 Caelestemque
451 1800 565 1860 homini
581 1801 787 1862 concubuisse
801 1800 936 1878 pudet...

94 1889 147 1945 575
163 1883 246 1943 Arsit
259 1883 339 1943 enirn
354 1900 465 1959 magno
481 1892 623 1960 correpta
637 1885 780 1959 cupidine
793 1884 885 1960 regis,

205 1968 366 2042 Caecaque
380 1969 409 2027 in
424 1968 484 2028 hoc
498 1984 560 2030 uno
576 1984 637 2029 non
652 1969 709 2028 luit
722 1968 775 2028 illa
789 1967 888 2029 viro...

164 2051 256 2111 Nocte
270 2053 393 2112 domurn
409 2068 507 2128 parva
524 2053 615 2114 solita
629 2060 676 2112 est
690 2053 803 2112 intrare
818 2052 968 2113 fenestra=

202 2135 291 2196 Unde
305 2136 497 2197 Fenestellae
514 2137 638 2198 nomina
651 2143 741 2211 porta
755 2143 846 2196 tenet.

162 2219 249 2280 Nunc
263 2220 374 2295 pudet,
390 2228 421 2281 et
435 2221 537 2281 voltus
554 2221 703 2281 velamine
714 2220 794 2281 celat
807 2226 935 2295 amatos,

96 2317 150 2371 580
208 2303 331 2377 Oraque
346 2312 417 2366 sunt
432 2306 526 2365 multa
545 2306 629 2380 regia
643 2311 724 2365 tecta
738 2311 820 2379 toga.

162 2387 212 2444 An
228 2388 325 2462 magis
340 2397 388 2448 est
402 2405 521 2462 vemm,
538 2397 610 2464 post
622 2389 699 2449 Tulli
715 2390 823 2449 lunera
836 2387 958 2464 plebem

203 2470 368 2532 contusam
384 2474 496 2546 placidi
512 2479 609 2533 morte
624 2472 722 2533 luisse
737 2472 837 2533 senior

160 2554 222 2612 Nec
236 2555 347 2616 modus
362 2557 442 2616 ullus
458 2563 537 2627 erat,
556 2557 716 2617 crescebat
730 2556 862 2629 imagine
877 2556 986 2630 luctus,

201 2639 307 2699 Donec
321 2656 390 2701 eum
405 2640 517 2716 positis
533 2640 696 2699 oecnluere
711 2640 813 2713 togis?

92 2728 146 2782 585
160 2723 260 2781 Tertia
275 2738 370 2784 causa
383 2723 455 2783 inihi
470 2724 570 2799 spatio
586 2723 702 2784 maiore
717 2722 857 2784 canenda
871 2730 932 2783 est:

203 2806 265 2865 Nos
280 2814 382 2867 tamen
397 2808 549 2868 adductos
564 2807 645 2867 intus
660 2822 788 2882 agemus
803 2821 912 2880 equos.

158 2889 255 2949 Tullia
269 2892 427 2965 radingie,
447 2892 574 2952 sceleris
588 2890 747 2963 mercede,
764 2896 889 2965 peracto

199 2973 255 3032 His
270 2977 361 3035 solita
374 2982 422 3035 est
436 2975 525 3036 dictis
540 2975 720 3036 extimulare
736 2974 848 3035 virum:

158 3054 249 3129 ‘Quid
266 3057 351 3119 iuvat
366 3073 437 3119 esse
453 3074 557 3135 pares,
574 3065 604 3119 te
618 3066 742 3121 nostrae
760 3058 856 3118 caede
870 3058 998 3134 sororis,

88 3153 143 3209 590
199 3139 310 3217 Meque
325 3143 367 3203 tui
383 3143 500 3214 fratris,
516 3142 544 3203 si
562 3143 613 3217 pia
628 3146 690 3204 vita
705 3143 825 3217 placete

157 3224 270 3285 Vivere
285 3225 456 3287 debuerant
468 3233 499 3288 ot
512 3227 560 3287 vir
573 3242 660 3290 meus
676 3233 707 3287 et
720 3233 772 3287 tua
786 3224 930 3302 coniunx,

197 3307 229 3368 Si
245 3309 359 3370 nullum
373 3326 457 3372 ausu·
492 3311 590 3372 maius
605 3326 727 3371 eramus
743 3324 834 3385 opus.

155 3393 192 3451 Et
206 3401 298 3467 caput
312 3402 343 3454 et
356 3409 483 3469 rognum
497 3393 577 3454 iacis
593 3396 695 3457 dotale
711 3393 855 3469 parentis.

197 3474 228 3535 Si
243 3476 291 3536 vir
304 3494 356 3552 es,
371 3479 396 3552 l,
413 3477 510 3538 dictas
526 3478 616 3554 exige
630 3477 712 3539 dotis
728 3485 820 3553 opes!
889 3538 892 3547 ,
