2318 3960
98 227 137 288 12
418 225 421 234 “
483 222 711 282 Tttlstlttttt

202 378 239 437 Et
255 378 324 437 dale
342 374 501 449 naufragio
517 374 607 434 litora
625 381 686 433 tuta
703 389 781 436 meo.

160 462 243 520 Neve
262 468 343 520 metu
363 460 440 519 lalso
461 457 583 516 nimium
599 457 764 532 trepidate,
781 458 929 530 timentes,

202 545 266 603 Hae
283 543 456 604 offendatur
475 556 513 599 ne
532 542 642 614 pietate
663 542 750 599 deus.

162 628 264 702 Saepe
280 628 372 686 fidem
389 624 529 704 adversis
549 625 638 683 etiam
654 625 790 685 laudavit
808 626 839 683 in
858 621 959 696 armis,

113 723 148 774 40
204 713 300 785 Inque
317 710 382 769 suis
400 715 480 767 amat
495 707 575 766 hane
594 707 720 781 Caesar,
741 710 771 768 in
787 708 876 768 hoste
892 704 1002 780 probat

163 796 262 855 Causa
280 808 349 852 mea
367 800 414 852 est
428 791 549 864 melior,
570 791 698 865 quinon
719 793 871 853 contraria
886 791 948 851 lovi

204 880 314 948 Arma,
334 876 391 936 sed
403 875 483 934 hane
502 875 597 934 merui
620 875 811 949 simplicitate
831 877 940 948 lugam.

162 961 305 1034 invigiles
321 960 411 1034 igitur
428 959 540 1018 nestris
557 974 612 1032 pro
631 958 770 1033 casibus,
789 974 853 1032 oro,

203 1042 334 1104 Diminui
354 1044 445 1119 siqua
464 1042 594 1102 numinis
612 1044 657 1101 ira
671 1049 783 1117 potest.

113 1128 249 1191 lascire
269 1142 355 1187 meus
376 1142 467 1186 casus
487 1126 585 1198 siquis
601 1126 756 1186 desiderat
773 1140 889 1198 omnes,

204 1211 290 1282 Plus,
313 1227 404 1286 quam
421 1211 505 1286 quud
521 1209 587 1268 fieri
600 1225 654 1270 res
672 1210 757 1285 sinit,
777 1210 828 1268 ille
845 1209 928 1283 petit.

161 1296 217 1354 Tot
237 1294 317 1353 ntala
336 1311 404 1355 sum
419 1310 548 1369 passus,
568 1299 642 1368 quot
662 1294 693 1352 in
712 1293 834 1353 aethere
850 1293 954 1352 sidera
969 1293 1071 1350 lucent

91 1391 100 1402 ’
205 1379 365 1453 Parvaque
382 1385 456 1453 quet
476 1377 577 1439 siccus
598 1393 731 1453 corpora
747 1377 847 1452 pulvis
865 1374 970 1434 habet:

162 1462 318 1536 Multaque
334 1460 469 1520 credibili
489 1461 610 1520 tulimus
627 1463 758 1535 maiora,
780 1468 946 1534 ratamque,

115 1555 148 1606 bo
205 1545 347 1618 Quamvis
368 1544 547 1615 acciderint,
568 1559 630 1602 nun
651 1544 790 1604 habitura
804 1544 906 1603 fidem.

162 1629 237 1688 Pars
258 1630 348 1688 etiam
369 1628 519 1702 quaedam
537 1641 655 1686 mecum
673 1630 818 1687 moriatur
837 1633 966 1702 oportet,

203 1712 315 1786 Meque
335 1711 425 1770 velim
441 1711 542 1785 possit
559 1711 770 1770 dissimulante
783 1711 853 1786 tegi.

164 1795 196 1854 Si
218 1812 278 1855 vox
293 1794 454 1869 infragilis,
477 1801 583 1869 pectus
600 1795 673 1854 mihi
693 1795 809 1855 firmius
829 1811 909 1868 aere,

204 1877 356 1952 Pluraque
373 1893 442 1937 eum
461 1878 571 1952 linguis
587 1878 727 1953 pluribus
748 1895 803 1938 ora
819 1881 931 1940 forent:

115 1972 147 2024 55
162 1962 227 2021 Non
246 1968 344 2021 tamen
361 1962 475 2023 ideireo
496 1960 715 2038 eomplecterer
734 1964 835 2023 omnia
851 1962 961 2034 verbis,

204 2045 331 2105 Materia
346 2047 427 2106 vires
448 2053 655 2121 exsuperante
670 2063 765 2107 meas.

164 2129 222 2189 Pru
245 2130 324 2189 duee
338 2129 451 2189 Neritio
472 2130 554 2189 doeti
573 2131 653 2189 mala
670 2138 775 2191 nostra
791 2138 903 2206 poetae

208 2212 351 2273 Scribite=
373 2212 486 2272 Neritio
509 2229 578 2271 nam
598 2213 678 2272 mala
696 2215 782 2287 plura
802 2216 864 2276 tuli.

19 2368 22 2372 ι
164 2297 219 2356 1116
234 2296 321 2355 brevi
337 2297 437 2372 spatio
458 2296 559 2356 multis
576 2297 688 2357 erravit
702 2298 733 2356 in
754 2300 842 2359 annis

113 2389 149 2442 60
205 2381 286 2440 Inter
300 2380 455 2440 Dulichias
470 2380 643 2455 Iliacasque
662 2382 787 2442 dumos:
877 2384 884 2398 ‘

165 2464 227 2524 Nos
248 2465 325 2524 freta
341 2463 498 2523 sideribus
514 2465 585 2525 totis
602 2465 746 2526 distantia
764 2482 888 2527 mensus

201 2548 314 2608 Detulit
328 2548 359 2606 in
377 2547 498 2608 Geticos
517 2548 656 2610 Caesaris
676 2551 723 2610 ira
740 2551 837 2612 sinus.

50 2658 59 2665 -
164 2632 218 2690 Ille
238 2629 342 2691 habuit
361 2631 517 2707 fidamque
536 2650 660 2694 manum
677 2635 845 2709 sociosque
863 2634 985 2693 fideles=

205 2713 254 2773 Me
269 2716 432 2789 profugum
448 2717 574 2777 comites
595 2719 761 2778 deseruere
780 2719 849 2777 mei.

115 2806 149 2859 65
164 2798 217 2857 llle
232 2813 319 2857 suam
334 2801 432 2858 laetus
453 2801 581 2876 patriam
596 2803 755 2876 victorque
775 2801 910 2875 petebat:

206 2882 235 2939 Α
253 2882 353 2954 patria
373 2883 456 2956 fugio
477 2885 574 2943 vietus
590 2891 619 2943 et
634 2886 705 2943 exul
725 2899 793 2957 ego.

164 2964 227 3023 Nee
242 2964 315 3023 mihi
329 2966 501 3027 Dulichium
516 2968 625 3028 domus
644 2973 692 3025 est
707 2965 849 3025 Ithaceve
870 2963 1041 3037 Samara...

205 3048 310 3107 Poena
326 3047 437 3121 quibus
457 3066 518 3111 non
535 3056 584 3108 est
597 3049 723 3123 grandis
739 3048 851 3109 abesse
870 3048 977 3108 loeis...

164 3130 227 3192 Sed
243 3147 323 3205 quae
343 3133 382 3192 de
398 3140 515 3208 septem
534 3139 628 3191 totum
647 3133 852 3208 elmumspieit
868 3130 972 3194 orbem

117 3221 150 3276 70
206 3213 378 3289 Mentibus,
398 3217 517 3289 imperii
531 3216 628 3275 Roma
643 3217 795 3290 deumque
811 3218 908 3277 loeus.

165 3298 211 3358 llli
229 3291 342 3373 cer'pus
357 3304 423 3357 erat
439 3299 548 3358 durum
568 3300 752 3374 patiensque
768 3302 921 3361 laborum:

207 3380 363 3441 invalidae
384 3380 465 3439 vires
480 3381 693 3454 ingenuaeque
713 3382 794 3441 mihi.

164 3466 218 3524 llle
241 3469 306 3523 erat
324 3462 451 3521 assidue
467 3463 570 3520 saevis
590 3463 720 3536 agitatus
741 3463 771 3522 in
792 3463 899 3524 armisr
