2318 3960
413 207 458 282 V,
479 206 659 270 ota-685.
977 209 1039 275 318

111 357 286 432 Magnaque
303 373 375 432 pars
392 357 500 418 horum
517 359 649 441 desertis
664 370 791 421 venerat
804 361 906 436 Argis.

150 439 305 500 Montibus
321 439 370 500 his
389 449 505 530 ponunt
520 458 670 519 spemque
684 445 840 519 laremque
857 462 954 506 suum.

110 521 212 598 Saepe
227 530 326 583 tamen
341 524 458 610 patriae
475 526 556 591 dulci
571 533 735 602 tanguntur
750 543 865 607 amore,

151 609 252 682 Atque
268 607 379 687 aliquis
395 608 530 669 moriens
546 608 606 668 hoo
620 608 715 670 breve
729 613 856 672 mandat
870 628 967 688 opus:

60 700 96 753 55
111 691 241 750 “Mittite
255 707 303 750 me
322 691 352 749 in
367 691 512 752 Tiberim:
540 691 688 754 Tiberinis
703 703 809 755 vectus
824 695 854 754 in
874 696 964 775 undis

150 774 234 833 Litus
249 775 290 834 ad
304 773 460 836 Inachium
475 773 599 859 pulvis
591 776 690 836 manis
705 794 782 846 eam.
784 783 809 813 ’⁹

109 857 258 932 Displicet
272 858 378 916 herodi
393 854 527 933 mandati
544 876 618 919 cura
632 861 803 937 sepulchri.

149 942 287 1001 Mortuus
302 943 442 1003 Ausonia
457 928 598 1003 conditur
612 943 729 1021 hospes
744 944 847 1016 humo,

109 1023 236 1100 Scirpea
250 1040 306 1100 pro
322 1024 446 1085 domino
460 1025 582 1086 'liberi'
574 1028 728 1087 tactatur
720 1045 831 1103 imago,

59 1116 96 1170 te
152 1109 191 1169 Ut
209 1114 328 1192 repetat
343 1109 451 1168 Graias
468 1125 523 1207 per
537 1111 614 1169 treta
626 1111 720 1185 longa
734 1112 868 1193 domos!

109 1192 272 1253 Hactenus.
302 1198 336 1252 ut
348 1193 442 1252 subiit
455 1193 527 1253 vivo
546 1193 682 1266 rorantia
696 1186 773 1255 sano

149 1278 260 1349 Antra,
277 1279 362 1382 leves
380 1293 504 1364 cursum
517 1277 705 1358 sustinuistis
724 1295 833 1352 aquae.

314 1372 361 1471 15.
392 1410 581 1470 Gelu-la
630 1411 680 1473 tu.
703 1411 761 1472 HF

328 1490 377 1555 17.
393 1493 451 1554 AC
480 1493 530 1557 18.
544 1495 599 1554 Bc
627 1493 676 1556 10.
693 1495 746 1556 CC

109 1612 196 1672 clare
213 1626 312 1688 nepos
329 1609 476 1687 Atlantis,
493 1609 584 1670 ades!
608 1627 697 1685 quem
713 1611 867 1681 montibus
883 1611 954 1672 olim

150 1692 254 1754 Edidit
267 1687 408 1752 Arcadiis
422 1679 523 1775 Pleias
538 1692 601 1754 uda
615 1693 696 1770 Iovi·

59 1789 94 1842 65
108 1778 196 1838 Pacis
212 1784 241 1836 et
255 1792 406 1837 armorum
421 1769 542 1872 superis
559 1776 689 1852 imisque
707 1778 834 1838 deorum

149 1861 288 1932 Arbiter,
305 1861 384 1920 alato
406 1861 459 1935 qui
473 1861 554 1935 pede
570 1862 673 1935 carpis
689 1861 762 1920 iter.

107 1946 199 2005 Lacte
213 1946 300 2024 lyrae
315 1944 422 2020 pulsu,
439 1936 535 2004 nitida
550 1959 676 2020 quoque
694 1946 773 2004 laete
789 1945 951 2023 palaestra,

151 2028 216 2102 Quo
234 2029 339 2088 didicit
353 2014 431 2111 culte
445 2028 548 2101 lingua
564 2026 694 2087 docente
709 2028 809 2104 loqui:

105 2114 232 2188 Templa
250 2112 302 2171 tibi
317 2104 451 2186 posuere
466 2117 569 2188 patres
585 2112 757 2187 spectantia
772 2110 891 2175 Circum

60 2206 96 2260 70
153 2195 269 2256 Idibus
300 2211 340 2255 ex
353 2195 405 2254 illo
421 2202 471 2256 est
486 2193 564 2255 haec
577 2193 663 2254 tibil
649 2196 729 2255 lesta
743 2195 821 2254 dies.

106 2280 162 2350 Te,
180 2278 362 2354 quicumque
377 2294 451 2338 suas
467 2278 628 2355 profitetur
640 2279 776 2338 vendere
790 2293 918 2354 merces,

148 2364 228 2423 Ture
245 2363 332 2433 dato,
351 2361 469 2447 tribuas
487 2369 521 2422 ut
535 2356 594 2422 sibi
610 2363 696 2423 luera
702 2368 845 2438 ,rogant

106 2447 162 2506 Est
176 2462 258 2520 aqua
271 2445 422 2505 Mercurii
426 2432 534 2521 portae
549 2445 651 2505 vicina
665 2447 821 2527 Capenae.

149 2529 182 2589 Si
198 2528 282 2590 iuvat
295 2529 435 2604 expertis
447 2528 587 2601 eredere,
608 2544 720 2589 numen
735 2529 835 2588 habet

59 2623 93 2677 75
107 2614 175 2673 Huc
192 2613 275 2684 venit
288 2612 437 2672 incinctus
450 2610 582 2670 tunicam
597 2617 760 2685 mercator,
776 2619 806 2670 et
821 2626 897 2673 urna

149 2696 247 2757 Purus
263 2696 380 2769 sulllta,
396 2711 489 2770 quam
505 2695 596 2769 ierat,
615 2693 717 2755 haurit
732 2710 853 2769 aquam.

106 2781 176 2841 Uda
189 2781 222 2840 lit
237 2780 307 2838 hinc
321 2782 434 2839 laurus.
468 2780 554 2838 lauro
572 2784 758 2852 sparguntur
774 2776 812 2838 ab
830 2777 891 2837 uda

150 2861 273 2936 Omnia,
290 2878 368 2941 quae
384 2862 526 2923 dominos
542 2867 613 2923 suut
627 2860 767 2922 habitura
782 2876 892 2921 novos.

108 2947 232 3022 Spargit
249 2946 362 3023 etipse
379 2963 454 3007 suos
470 2941 556 3007 lauro
571 2950 694 3005 rorante
710 2944 848 3019 capillos,

59 3040 96 3093 80
151 3031 189 3089 Et
204 3031 322 3106 peragit
337 3031 427 3090 solita
442 3030 546 3089 tallere
560 3043 639 3089 voce
653 3042 778 3103 preces:

107 3114 221 3174 ‘Ablue
235 3113 389 3189 praeteriti
404 3113 539 3188 periuria
556 3111 733 3189 temporis,’
748 3109 846 3187 iuquit
947 3111 951 3116 “

149 3197 261 3256 ‘Ablue
281 3197 443 3272 praeterita
457 3195 577 3271 perlida
590 3195 686 3255 verba
702 3195 766 3254 diet

107 3279 181 3340 Sive
196 3295 255 3356 ego
269 3288 299 3340 te
321 3280 379 3340 leci
393 3287 517 3353 testem,
535 3279 653 3338 falsove
669 3277 758 3338 citavi

147 3363 215 3424 Non
230 3363 361 3424 audituri
376 3363 501 3424 numina
514 3377 624 3436 magna
637 3360 737 3422 Iovis:

59 3456 93 3510 55
109 3446 182 3508 Sive
198 3447 287 3508 deum
303 3447 439 3523 prudens
455 3445 547 3506 alium
562 3444 703 3504 divamve
718 3444 821 3516 retent,
