2294 3854
396 238 439 311 ll,
459 236 638 301 tta—544.
862 239 865 244 ’
965 236 1027 301 2³5

100 390 205 462 lussit,
222 396 251 450 et
265 391 295 449 in
310 397 417 450 tenues
432 391 529 451 oeulis
540 391 664 453 evanuit
677 408 780 453 auras.

53 483 85 535 lo
142 474 297 536 Convocat
311 473 360 532 hic
376 474 524 549 populos,
540 475 688 550 iussaque
701 476 796 536 verba
806 477 908 535 refert.

98 558 224 633 Templa
237 557 297 619 deo
311 557 396 617 fiunt.
424 558 511 617 collis
527 574 651 634 quoque
666 561 766 620 dictus
782 558 820 618 ab
835 558 887 618 illo
902 565 958 629 est,

139 641 176 702 Et
190 641 325 701 referunt
338 641 412 700 certi
427 656 516 700 sacra
532 649 658 716 paterna
672 643 749 703 dies.
771 650 773 654 “

99 726 166 785 Lux
183 741 308 800 quoque
324 741 380 785 cur
393 724 501 784 eadem
516 725 684 787 Stultorum
698 728 778 787 festa
790 732 927 797 vocetur,

135 810 260 884 Accipe.
291 823 388 883 parva
402 808 526 882 quidem
540 824 650 884 causa,
666 812 724 870 sed
738 815 810 885 apta
824 808 941 869 subest.

53 899 84 954 15
99 893 166 952 Non
186 892 292 952 habuit
305 892 416 951 doctos
429 891 519 952 tellus
534 893 660 968 antiqua
675 895 820 955 colonos=

140 975 313 1037 Lassabant
324 975 421 1050 agiles
436 991 548 1050 aspera
560 975 642 1036 bella
656 978 751 1040 viros,

98 1060 169 1120 Plus
184 1066 250 1120 crat
262 1059 294 1119 ln
307 1058 425 1135 gladio,
441 1075 533 1134 quam
548 1076 643 1120 curvo
657 1061 759 1121 laudis
776 1064 893 1120 acaum

138 1144 301 1218 Neglectus
316 1143 443 1202 domino
456 1158 556 1218 pauca
569 1144 687 1204 larebat
701 1159 784 1219 ager.

96 1228 192 1288 Farra
204 1233 306 1287 tamen
319 1232 441 1285 veteres
455 1226 620 1299 iaciebant,
636 1227 718 1288 lurra
732 1224 894 1298 metebant,

52 1320 84 1372 lo
138 1310 288 1370 Primitias
303 1309 405 1370 Cereri
421 1310 502 1369 farra
515 1316 636 1370 resecta
651 1311 774 1370 dabant.

96 1395 213 1456 Usibus
228 1394 375 1454 admoniti
392 1392 522 1454 llammis
535 1395 681 1455 torrenda
696 1395 853 1467 dederunt,

138 1478 295 1553 Multaque
309 1484 437 1552 peccato
453 1477 565 1537 damna
577 1479 675 1537 tulere
689 1493 757 1538 suo.

96 1563 173 1622 llam
186 1561 280 1621 modo
293 1560 456 1621 verrebant
471 1560 574 1634 nigras
590 1577 646 1635 pro
662 1562 742 1623 larre
757 1559 887 1635 raviliae,

134 1646 221 1705 Nunc
235 1644 323 1720 ipsas
338 1645 424 1719 ignes
440 1645 615 1721 corripuere
629 1661 729 1706 casas.

52 1744 81 1797 25
97 1732 191 1791 Facta
204 1728 264 1788 dea
278 1735 326 1789 est
338 1727 469 1787 Fornax.
497 1729 567 1789 laeti
581 1729 718 1790 Fornace
733 1728 835 1790 coloni

141 1812 246 1886 Orant,
261 1819 295 1871 ut
311 1812 415 1885 nugas
429 1819 579 1887 temperet
593 1813 644 1871 illa
658 1829 742 1873 suas.

98 1897 187 1958 Curio
203 1896 344 1970 legitimis
359 1911 440 1955 nunc
454 1893 635 1956 Fornacalia
648 1896 751 1955 verbis

137 1980 289 2040 Maximus
304 1978 424 2051 indicit,
440 1993 497 2037 nec
512 1985 591 2038 stata
605 1994 694 2038 sacra
709 1979 795 2038 lacit=

98 2066 196 2139 Inque
213 2065 296 2137 loro,
311 2065 406 2122 multa
420 2063 535 2122 circum
551 2062 704 2136 pendente
717 2062 838 2133 tabella,

52 2159 84 2211 lo
142 2146 286 2223 signatur
300 2152 384 2206 certa
397 2146 481 2205 curia
496 2161 638 2221 quaeque
652 2153 734 2206 nota
912 2219 914 2223 Ι

99 2232 259 2306 Stultaque
269 2246 347 2304 >pars
362 2229 484 2304 populi,
501 2244 580 2304 quae
594 2229 634 2289 sit
648 2245 706 2289 sua
720 2229 818 2300 curia,
835 2229 941 2300 nescit,

142 2313 205 2375 Sed
219 2314 292 2373 lacit
304 2319 442 2372 extrema
456 2326 546 2372 sacra
559 2314 656 2373 relata
670 2313 730 2373 die.

75 2447 220 2512 18.Αο
264 2446 403 2509 19.Βῦ
445 2446 497 2508 20.
526 2447 584 2506 CC
628 2444 957 2509 alunnum

97 2566 152 2625 Est
165 2564 265 2624 honor
279 2570 309 2623 et
323 2563 461 2636 tumulis,
478 2563 594 2622 animas
609 2564 733 2637 placare
747 2571 899 2640 paternas,

140 2647 299 2723 Parvaque
313 2648 343 2706 in
359 2652 513 2707 extructas
527 2661 654 2705 munera
668 2646 747 2705 ferre
762 2663 868 2725 pyras.

52 2744 84 2800 35
98 2732 197 2791 Parva
211 2738 318 2806 petunt
329 2746 446 2792 manes.
477 2731 575 2804 pietas
590 2745 646 2804 pro
661 2728 755 2789 divite
769 2737 856 2805 grata
870 2737 917 2789 est

138 2815 275 2876 Munere.
305 2830 367 2874 non
382 2814 491 2874 avidos
507 2812 585 2889 Styx
598 2812 691 2872 habet
704 2811 765 2871 ima
780 2813 868 2873 deos.

96 2899 212 2974 Tegula
226 2899 376 2973 porrectis
392 2897 466 2958 satis
481 2904 529 2958 est
543 2898 643 2955 velata
657 2895 790 2970 coronis,

135 2983 173 3042 Et
187 2997 317 3058 sparsae
332 2983 451 3057 fruges,
468 2996 624 3056 parcaque
639 2979 718 3038 mica
732 2980 816 3053 salis,

96 3068 195 3141 Inque
209 3081 293 3126 mero
308 3066 423 3125 mollita
438 3081 538 3137 ceres,
554 3064 718 3139 violaeque
732 3065 866 3123 solutae=

52 3163 85 3219 to
141 3150 224 3209 Haec
238 3149 351 3209 habeat
365 3150 465 3209 media
479 3154 559 3207 testa
572 3147 678 3208 relicta
691 3145 753 3206 via.

96 3232 161 3292 Nec
175 3233 292 3292 maiora
307 3240 390 3293 veto.
421 3231 478 3292 sed
493 3238 523 3291 et
536 3231 585 3290 his
600 3228 760 3304 placabilis
774 3229 884 3290 umbra
897 3234 955 3287 est.

138 3316 230 3376 Adde
245 3331 354 3392 preces
369 3315 477 3392 positis
493 3321 523 3374 et
537 3331 594 3374 sua
606 3313 703 3372 verba
716 3313 805 3374 focis.

96 3399 187 3461 Hunc
200 3414 317 3460 morem
331 3400 468 3472 Aeneas,
485 3397 605 3473 pietatis
620 3396 751 3457 idoneus
767 3402 874 3456 auctor

140 3483 247 3544 Attulit
260 3482 291 3541 in
304 3489 417 3551 terras,
434 3482 514 3542 iuste
528 3480 648 3545 Latine.
665 3486 744 3540 tuas.
