2318 3960
388 217 443 288 fif,
464 215 500 290 5,
523 213 620 289 8-6,
644 215 694 278 26.

154 371 337 431 caesareum
353 373 445 441 caput
459 375 514 439 est,
532 369 616 444 quod
632 377 724 444 caput
738 367 822 428 orbis
837 377 916 429 erat:

112 453 180 516 Non
196 451 312 526 aliquid
327 450 399 522 dixi,
414 450 611 528 violentaque
626 453 727 527 lingua
741 454 843 512 locuta
858 461 913 527 est,

156 538 322 611 Lapsaque
337 540 409 595 sunt
424 535 516 596 nimiu
531 536 625 595 verbu
640 538 770 610 profana
784 550 878 594 mero.

113 620 216 681 'inscia
232 620 315 695 quod
331 618 444 678 crimen
460 617 602 679 viderunt
615 621 737 692 lumina,
753 621 879 693 plector,

10 732 13 737 ·
63 716 99 765 50
155 704 379 778 Peccatumque
395 703 501 762 oculos
516 711 564 764 est
577 702 725 764 habuisse
739 719 848 763 meum,

113 789 178 846 Nun
195 787 337 863 equidem
352 791 446 847 totam
461 801 589 859 possum
605 787 770 847 defendere
785 787 920 862 culpam:

155 870 217 930 Sed
232 877 350 946 partem
364 867 461 930 nostri
476 870 610 930 criminis
625 886 711 932 emor
726 869 825 930 habet.

114 955 195 1030 Spes
211 954 301 1029 igitur
316 959 468 1029 superest,
484 954 642 1028 facturum,
657 962 690 1015 ut
703 955 818 1015 molliat
831 954 899 1029 ipse

152 1038 258 1098 Mutati
273 1054 405 1112 poenam
420 1037 602 1098 condicione
616 1039 686 1099 loci.

61 1128 96 1181 55
111 1123 200 1183 Hunc
214 1122 328 1182 utinam
344 1121 430 1181 nitidi
445 1121 527 1182 Solis
541 1123 739 1197 praenuntius
755 1128 853 1182 ortum

150 1205 270 1266 Aderat
282 1205 420 1266 admisso
437 1205 557 1266 Lucifer
572 1206 658 1266 albus
674 1214 770 1281 equo!

50 1339 92 1431 θ.
111 1337 242 1436 Foedus
258 1375 407 1435 amicitiae
421 1390 478 1434 nec
492 1375 548 1450 vis,
565 1377 730 1452 carissime,
745 1383 878 1450 nostrae,

152 1460 214 1520 Nec
228 1459 255 1519 si
271 1461 349 1520 forte
362 1459 449 1532 velis,
465 1459 660 1521 dissimulare
676 1468 774 1536 potes.
816 1523 817 1526 ,

111 1544 217 1604 Donec
232 1544 312 1603 enim
326 1542 417 1618 licuit,
434 1558 491 1603 nec
505 1550 535 1603 te
549 1544 620 1603 mihi
637 1545 736 1606 carior
750 1546 835 1619 after,

152 1628 215 1687 Nec
228 1627 281 1688 tibi
296 1641 344 1686 me
359 1633 422 1687 tuta
436 1627 566 1688 iunctior
579 1629 662 1688 Urbe
677 1630 740 1689 fuit

81 1721 98 1772 5
113 1711 207 1787 Isque
222 1717 402 1786 eretusque
416 1712 494 1772 adeo
509 1714 624 1787 populo
641 1718 780 1787 testatus,
796 1720 829 1773 ut
844 1721 929 1775 esset

152 1794 254 1855 Paene
269 1794 368 1869 magis
384 1810 475 1869 quam
489 1803 530 1870 tu,
547 1812 702 1871 quamque
716 1812 785 1871 ego,
800 1805 891 1859 notus
906 1813 999 1859 amor.

58 1912 96 1922 ·-
111 1877 231 1954 Quique
248 1883 314 1938 erat
327 1878 358 1936 in
374 1879 454 1938 caris
469 1878 560 1938 animi
575 1879 628 1939 tibi
644 1881 760 1941 candor
775 1881 889 1955 amicis,

58 1995 88 2004 —
154 1962 299 2037 cognitus
315 1968 363 2021 est
376 1961 445 2036 ipsi,
463 1978 552 2037 quem
568 1963 653 2034 colis,
669 1964 727 2023 iste
740 1963 818 2023 viro.

106 2046 153 2105 Nil
167 2047 209 2106 ita
224 2045 356 2117 celabas,
371 2051 405 2105 ut
417 2060 479 2105 non
495 2061 552 2120 ego
568 2046 712 2107 conscius
727 2061 837 2120 essem,

61 2138 97 2190 fo
149 2127 392 2204 Pectoribusque
407 2129 504 2189 dabas
518 2131 612 2190 multa
626 2130 758 2205 tegenda
772 2129 864 2190 meis:

103 2214 219 2289 Cuique
233 2228 292 2288 ego
310 2212 471 2272 narrabam
487 2213 597 2273 secreti
614 2213 761 2289 quicquid
775 2212 934 2288 habebam,

146 2297 285 2372 Excepto
301 2296 385 2371 quod
400 2311 448 2355 me
462 2296 602 2371 perdidit,
620 2313 700 2358 unus
716 2312 795 2357 eras.

110 2381 144 2440 ld
161 2395 286 2457 quoque
300 2381 327 2441 si
341 2380 467 2454 scisses,
483 2382 570 2441 salvo
585 2381 722 2441 fruerere
736 2381 844 2454 sodali,

59 2473 93 2528 14
153 2463 350 2541 consilioque
364 2465 461 2524 forem
477 2480 599 2539 sospes,
614 2465 720 2537 amice,
735 2471 798 2525 tuo.

51 2581 95 2592 —-
110 2547 174 2608 Sed
187 2563 256 2608 mea
271 2547 362 2608 mein
378 2562 511 2623 poenam
526 2548 666 2609 nimirum
679 2549 740 2607 fata
753 2546 922 2609 trahebant.

50 2664 95 2676 ·—
153 2631 249 2691 Omne
263 2632 364 2692 bonae
379 2632 524 2692 claudunt
538 2632 674 2692 utilitatis
689 2633 754 2692 iter.

109 2714 181 2776 Sive
192 2718 303 2775 malurn
317 2715 403 2791 potui
416 2723 516 2775 tamen
531 2716 591 2775 hoc
605 2716 702 2775 vitare
717 2714 864 2786 cavendo,

149 2797 211 2860 Seu
225 2799 302 2861 ratio
318 2801 412 2860 fatum
425 2799 549 2859 vincere
564 2800 647 2859 nulla
659 2800 755 2858 valea

108 2882 154 2942 'fu
167 2890 277 2956 tamen,
294 2901 313 2944 0
328 2883 418 2944 nobis
433 2899 494 2944 usu
508 2882 697 2944 iunctissime
711 2884 813 2958 longo,

56 2979 95 3031 αι)
148 2966 223 3028 Pars
239 2967 382 3028 desiderii
397 2968 529 3026 maxima
546 2981 643 3042 paene
656 2966 725 3041 mei,

112 3049 163 3110 Sis
178 3066 303 3127 memor,
318 3058 349 3112 et
360 3048 468 3126 siquas
483 3049 623 3130 fecittibi
638 3049 734 3124 gratia
753 3050 841 3119 vires,

152 3134 223 3195 Iffas
239 3135 400 3209 pronubis
416 3134 585 3210 experiare,
600 3149 687 3208 rogo,

110 3218 247 3278 Numinis
263 3225 296 3279 ut
309 3219 385 3280 laesi
399 3218 453 3278 fiat
466 3217 654 3278 mansuetior
670 3217 723 3287 ira,

152 3301 332 3377 Mutatoque
346 3303 446 3364 minor
459 3303 499 3362 sit
511 3317 580 3361 mea
594 3316 697 3377 poena
711 3301 791 3361 loco.

59 3392 94 3446 21>
109 3384 208 3461 idque
222 3385 272 3462 fta,
288 3387 315 3446 si
330 3387 445 3447 nulium
461 3387 564 3446 scelus
580 3386 671 3446 estin
687 3391 946 3460 pectorancstro,

151 3469 399 3547 Principiumque
412 3470 471 3531 mei
486 3469 620 3529 criminis
635 3484 722 3529 error
734 3465 836 3530 nabat
