2318 3960
385 237 428 309 V,
451 234 629 298 olo—542.

43 402 71 454 to
87 392 180 451 Tecta
195 390 279 450 senis
294 389 427 451 subeunt
444 387 531 463 nigro
548 388 698 450 deformia
711 391 810 450 fumoa

130 474 213 548 lgnis
229 473 259 532 in
274 473 418 533 hesterno
434 472 538 547 stipite
551 487 667 547 pervus
682 480 756 533 erat.

87 559 161 634 lpse
176 573 256 632 genu
276 557 367 615 nixus
382 555 522 616 dammas
537 556 706 617 exsuscitat
721 574 805 631 eure,

129 640 168 701 Et
182 640 294 715 promit
309 654 442 715 quassas
459 638 697 715 comminuitque
713 641 808 701 luces.

89 724 175 786 Stant
189 723 312 785 calices.
341 722 440 784 minor
454 723 526 783 inde
541 721 644 798 labos,
661 723 752 784 holus
767 723 997 800 olternaoehat,

43 820 75 871 lo
130 808 169 867 Et
184 813 327 882 spumant
340 812 420 866 testu
435 821 564 881 pressus
600 815 709 881 terque
723 824 791 869 suo.

87 892 230 967 Dumque
243 906 330 950 mora
344 896 406 963 est,
420 891 550 950 tremula
585 898 616 951 et
628 892 701 951 vina
713 891 853 953 rubentia
867 892 991 953 doxtru=

130 974 252 1050 Accipit
264 989 438 1048 aequoreus
458 974 570 1048 poculo
584 975 684 1049 prime
698 974 785 1036 deus.

89 1059 173 1134 Quae
188 1059 277 1119 simul
290 1057 447 1130 exlreusit,
463 1058 520 1116 ‘Da
534 1073 615 1116 nunc
628 1057 712 1118 bibet
726 1059 844 1120 ordinc’
860 1058 936 1120 dixit

91 1139 94 1146 '
131 1141 301 1219 ‘luppiteu’
329 1141 444 1202 Audito
459 1140 567 1214 palluit
580 1141 631 1200 ille
645 1142 729 1201 Iove.

43 1242 76 1294 15
90 1227 131 1286 Ut
143 1226 234 1286 rediit
247 1227 382 1300 animus,
401 1225 546 1285 cultorem
564 1226 712 1300 puuperis
728 1227 793 1302 egri

131 1310 284 1382 immolat,
301 1316 331 1370 et
346 1323 457 1384 magno
471 1315 565 1368 torret
579 1309 610 1369 in
626 1309 696 1384 igne
711 1309 831 1370 bovem.

91 1393 237 1468 Quaeque
253 1408 330 1468 puer
345 1391 501 1467 quondum
515 1391 622 1467 primis
637 1391 803 1455 diffuderat
817 1395 913 1468 annis,

130 1476 245 1537 Premit
260 1478 383 1538 lumoso
401 1476 524 1536 condita
538 1477 610 1537 vine
625 1477 714 1537 cado.

89 1561 151 1621 Nec
166 1576 268 1636 more,
283 1560 458 1621 flumineam
474 1560 537 1620 lino
553 1559 720 1621 celantibus
735 1563 847 1636 nivem,

43 1654 78 1707 20
135 1643 185 1704 Sic
204 1659 329 1719 quoque
344 1660 405 1705 non
419 1643 504 1717 eltis,
520 1643 686 1706 incubuere
699 1645 785 1707 toris

89 1728 174 1787 Nunc
189 1728 285 1803 depe,
301 1744 381 1788 nunc
396 1728 499 1803 posito
514 1743 640 1789 mensae
655 1730 772 1789 nituere
786 1731 892 1807 lyceo:

130 1811 224 1872 Terre
238 1810 350 1873 rubens
366 1819 481 1885 crater,
495 1813 611 1887 poculo
624 1813 713 1885 luges
728 1820 823 1873 erent.

89 1894 194 1954 Verba
207 1895 292 1957 luere
305 1895 404 1959 Iovis:
433 1893 480 1955 ‘Si
496 1895 570 1969 quid
584 1897 642 1955 lert
655 1895 803 1971 impetus,
819 1903 906 1975 opta:

133 1977 229 2038 Omne
243 1980 347 2039 leros!
376 1978 491 2042 Placidi
505 1979 602 2040 verba
617 1979 703 2040 luere
717 1979 817 2040 senis=

43 2066 75 2119 25
90 2062 181 2123 ‘Cara
195 2062 250 2123 luit
263 2063 410 2135 coniunx,
428 2062 545 2136 primae
557 2061 632 2124 mibi
646 2077 718 2124 cura
732 2063 872 2124 iuventte

133 2145 269 2220 Cognito.
301 2162 382 2207 nuno
397 2145 449 2207 ubi
464 2146 518 2218 sit,
540 2145 708 2222 quaeritis?
734 2162 812 2208 urna
825 2146 907 2221 tegit.

90 2230 168 2290 Huic
184 2245 242 2304 ego
257 2230 389 2302 iuratus,
404 2229 497 2292 vobis
513 2230 544 2290 in
560 2228 655 2290 verba
668 2229 797 2301 vocetis,

134 2312 331 2388 “Coniugio”
348 2314 411 2373 dixi
428 2315 521 2376 “sole
536 2313 637 2374 fruere
650 2316 759 2372 meo.”

90 2397 129 2457 Et
142 2395 206 2458 dixi
222 2404 252 2457 ct
266 2413 368 2458 servo.
398 2395 556 2459 Sedenim
571 2397 696 2458 diverse
711 2397 853 2457 voluntas

43 2489 76 2542 lo
132 2481 187 2539 Est
201 2480 283 2540 mihi.
314 2497 371 2540 neo
387 2480 537 2553 coniunx,
557 2480 615 2541 sed
630 2487 716 2554 pater
732 2494 805 2542 esse
818 2483 912 2542 volo?

89 2566 269 2628 Annuerant
283 2579 401 2624 omnes.
432 2578 539 2625 omnes
554 2564 598 2623 od
615 2569 703 2639 terga
714 2562 836 2624 iuvenci

134 2647 366 2710 Constiterant...
384 2647 484 2721 pudor
499 2652 546 2706 est
559 2645 704 2706 ulteriora
717 2646 812 2720 loqui.

90 2732 165 2792 Tum
179 2731 385 2806 superiniecta
398 2738 503 2790 texere
517 2728 670 2788 medentia
684 2734 778 2789 terre:

133 2816 259 2888 lamque
274 2815 382 2875 docem
397 2828 536 2885 menses,
552 2818 582 2871 et
596 2827 674 2887 puer
689 2820 773 2872 ortus
788 2818 861 2875 erut.

43 2899 76 2954 35
92 2899 179 2957 Hunc
192 2898 342 2978 Hyrieus,
360 2898 433 2971 quio
446 2896 492 2956 sic
506 2896 642 2970 genitus,
657 2902 749 2958 vocet
760 2895 885 2959 Uriona.

130 2981 265 3041 Perdidit
279 2980 437 3055 antiquum
450 2981 549 3042 littero
563 2978 662 3054 primo
675 2977 796 3040 sonum.

91 3065 235 3126 Creverat
247 3064 437 3124 immensum.
467 3062 609 3124 comitem
623 3061 682 3124 sibi
697 3062 785 3123 Delia
798 3063 941 3138 sumpsit

132 3149 187 3208 llle
201 3149 278 3209 deae
293 3153 413 3222 custos,
436 3146 487 3206 ille
501 3146 626 3208 satelles
642 3153 717 3206 eret.

90 3232 194 3293 Verba
208 3240 332 3293 movent
347 3232 423 3292 iram
437 3246 501 3291 non
520 3231 742 3305 circumspecte
758 3230 892 3291 deorum.

43 3325 79 3378 40
136 3315 244 3389 ‘Quom
259 3320 424 3391 nequeem’
440 3314 516 3375 dixit
531 3314 681 3388 uincere,
703 3313 787 3375 nulle
800 3312 866 3372 lem
879 3312 948 3373 est?

91 3398 243 3473 Scorpion
260 3399 383 3459 immisit
395 3399 507 3458 Tellus.
537 3397 593 3458 luit
605 3397 738 3472 impetus
757 3396 799 3456 illi

134 3483 233 3542 Curva
248 3483 464 3558 gemelliparae
480 3480 598 3557 spicula
613 3482 693 3541 serre
708 3480 794 3542 deae.
