2318 3960
99 200 142 263 94
497 192 721 256 TRISTIUM

145 363 177 414 10
228 350 287 410 Per
299 360 445 410 numeros
460 362 567 407 omues
581 344 642 406 hoc
659 355 764 407 tueare
779 354 880 422 capul,

185 434 272 508 Quod
287 441 339 495 lua
353 447 401 491 me
417 446 488 491 raro
504 432 620 491 solatur
633 431 773 505 epistola,
797 446 925 506 peccas=

225 519 362 592 Remque
377 516 459 590 piam
475 520 625 589 praestas,
649 521 679 573 el
694 514 766 573 milri
781 513 876 574 verba
889 530 993 591 negas

186 603 250 660 lloc
265 614 375 677 precor
388 597 531 657 emenda!
557 598 681 672 quodsi
697 598 869 658 correxeris
884 615 988 674 unum,

223 683 330 743 Nullus
344 683 375 741 in
391 681 515 756 egregio
531 695 662 756 corpore
676 697 793 742 naevus
810 682 874 741 erit.

145 779 176 829 25
186 766 325 827 Pluribus
341 780 493 837 accusem,
517 764 584 824 lleri
598 763 657 824 nisi
672 765 781 840 possil,
802 766 888 826 ulad
903 781 954 824 me

225 851 337 910 Lillera
351 865 412 908 non
426 848 538 921 veniat,
560 848 656 908 missa
670 849 710 908 sil
723 848 775 908 illa
787 855 913 908 tamen·

183 934 219 994 Di
237 934 357 1007 iaciant,
379 939 412 992 ut
426 931 466 991 sit
479 932 640 991 temeraria
654 942 760 994 nostra
776 933 921 1008 querella,

224 1019 328 1091 Teque
345 1024 448 1091 putem
463 1016 542 1075 lalso
557 1032 619 1076 non
633 1015 810 1077 meminisse
824 1017 900 1076 mei!

185 1101 273 1173 Quod
288 1116 412 1175 precor,
436 1115 507 1159 esse
523 1099 628 1175 liquet.
661 1100 858 1174 nequeenim
872 1098 1016 1161 mutabile
1029 1097 1073 1161 rol

143 1198 177 1248 ro
226 1185 358 1244 Credere
372 1200 420 1244 me
435 1185 482 1243 las
496 1189 544 1244 est
557 1184 692 1260 pectoris
707 1199 779 1244 esse
793 1185 845 1244 tui.

186 1268 268 1328 Cana
282 1268 367 1344 prius
381 1268 483 1343 gelido
500 1268 601 1328 desint
614 1267 766 1328 absinthia
779 1267 884 1344 Ponto,

225 1352 264 1413 Et
278 1359 381 1412 careal
394 1352 474 1412 dulci
489 1351 640 1412 Trinacris
656 1351 757 1427 Hybla
771 1351 893 1428 thymo:

185 1436 386 1496 inmemorem
401 1452 492 1510 qnam
506 1442 536 1495 te
551 1435 715 1510 quisquam
729 1437 891 1497 convincat
905 1435 1005 1497 amici.

226 1519 292 1579 Non
307 1520 349 1579 ila
363 1526 434 1579 sunl
450 1518 501 1578 lali
517 1519 647 1578 stamina
661 1520 748 1593 nigra
762 1520 832 1579 mei.

143 1614 176 1667 25
185 1603 230 1663 Tu
245 1610 354 1677 lamen,
375 1609 408 1661 ul
421 1603 526 1677 possis
540 1603 638 1662 falsae
653 1618 778 1678 quoque
792 1603 907 1679 pellere
921 1604 1034 1680 culpae

227 1685 366 1758 Crimina,
392 1685 476 1761 quod
491 1701 553 1744 non
571 1702 606 1746 es
620 1702 660 1745 ne
674 1686 810 1761 videare,
833 1701 918 1746 cave.

184 1769 285 1844 thue
297 1766 476 1829 ¹solebamus
492 1785 673 1830 consumere
687 1771 780 1845 longa
793 1771 950 1847 loquendo

224 1853 382 1929 Tempora,
408 1853 542 1914 sermoni
558 1854 719 1915 deficiente
734 1855 793 1929 die,

186 1935 236 1995 Sic
252 1936 328 1998 leret
342 1953 378 1997 ac
392 1938 506 1997 referat
519 1937 626 1999 tacitas
641 1953 722 1997 nunc
737 1938 836 1997 littera
851 1953 955 2012 vaces,

142 2029 176 2081 30
227 2021 264 2080 El
277 2029 426 2096 peragant
439 2021 562 2096 linguae
576 2022 681 2082 charta
691 2037 861 2096 manusque
874 2021 968 2081 vices.
976 2047 982 2063 ·-

184 2104 272 2178 Quod
288 2105 361 2177 lore,
386 2120 425 2163 ne
439 2104 564 2165 nimium
578 2106 686 2164 videar
700 2104 855 2181 diffidere,
880 2104 983 2179 sitque

225 2187 375 2248 Versibus
389 2188 449 2247 hoc
464 2187 572 2261 paucis
587 2187 786 2248 admonuisse
800 2191 885 2262 satis,

184 2271 300 2345 Accipe
317 2287 378 2345 quo
395 2286 518 2344 semper
532 2270 634 2331 linitur
649 2266 780 2345 epistola
793 2272 899 2346 verbo,

225 2357 328 2428 Atque
342 2355 418 2412 meis
434 2352 546 2413 distent
559 2361 593 2413 ul
607 2363 658 2425 lua
673 2355 742 2426 lala,
765 2356 847 2413 vale!

108 2482 378 2587 140Quantaribi
394 2520 531 2580 dederim
546 2521 660 2581 nostris
676 2531 872 2584 monumenta
887 2525 1007 2602 libellis,

228 2602 251 2662 0
267 2603 339 2662 milri
355 2619 404 2664 me
419 2604 552 2664 coniunx
567 2604 675 2679 carior,
698 2606 768 2682 ipsa
782 2608 881 2668 vides.

184 2687 329 2747 Detrahat
344 2688 458 2748 auctori
473 2690 599 2749 mullum
614 2691 743 2766 lortnna,
765 2691 881 2752 licebit=

222 2773 267 2832 Tu
281 2778 380 2831 lumen
395 2771 517 2848 ingenio
533 2773 615 2833 clara
629 2773 726 2833 ferere
741 2790 819 2835 meo.

160 2855 327 2931 aliumque
342 2857 435 2930 legar,
458 2871 577 2916 meeum
591 2857 704 2931 pariter
716 2864 769 2917 lua
783 2859 863 2917 lama
879 2859 1005 2937 legemr,

225 2939 288 3000 Nee
301 2945 390 3015 poles
406 2940 436 2998 in
451 2947 586 2999 maestos
601 2940 706 3000 omnis.
715 2940 799 3001 abire
812 2957 917 3017 rogos.

187 3023 323 3098 Cumque
337 3023 393 3083 viri
408 3037 482 3083 casu
499 3022 603 3098 possis
618 3023 792 3084 miseranda
805 3025 912 3101 videri,

226 3106 367 3167 Invenies
383 3107 511 3183 aliquas,
536 3122 615 3182 quae
631 3108 773 3184 quados,
796 3125 868 3169 esse
881 3111 989 3173 velintz

187 3189 270 3262 Quae
284 3197 323 3262 te,
346 3199 520 3252 nostrorum
536 3206 605 3250 eum
620 3191 664 3252 sis
679 3193 708 3251 in
725 3200 811 3267 parte
826 3196 984 3270 malorum,

145 3282 179 3333 10
227 3273 359 3334 Felicem
374 3276 476 3335 dicant
490 3274 709 3350 invideantque
723 3276 785 3335 libi.

185 3356 252 3415 Non
267 3372 324 3430 ego
341 3358 462 3418 divilias
479 3358 581 3418 dando
597 3358 650 3419 libi
663 3361 751 3435 plura
767 3360 938 3422 dedissemr

123 3471 125 3474 -
226 3439 335 3500 Divitis
351 3441 390 3500 ad
406 3456 511 3501 manes
527 3443 568 3501 nil
585 3444 660 3502 leret
674 3444 781 3505 umbra
796 3461 881 3506 suos.
