2318 3960
97 208 141 272 70
456 201 713 264 TRISTIUM

206 373 331 446 Iamque
346 383 453 446 parum
470 368 558 428 firmo
574 383 623 427 me
639 366 710 427 mihi
726 367 807 425 ierne
824 380 922 440 grave
941 372 1001 427 est.

6 492 9 499 ·
133 456 250 517 sltunc
266 461 345 526 erat,
369 461 402 513 ut
415 450 519 528 posito
535 450 680 511 deberem
696 449 759 509 fine
772 448 914 509 laborum

84 560 86 564 ·
207 538 321 597 Vivere
335 552 384 596 me
399 538 483 595 nullo
501 533 684 595 sollicitante
701 539 794 603 matu,

166 624 313 698 Quaeque
329 634 416 679 meae
430 633 554 694 semper
567 620 750 693 placuerunt
764 614 826 676 otia
840 614 936 676 menti

209 706 342 778 Carpere
357 701 431 761 etin
447 702 557 762 studiis
576 701 707 762 molliter
722 715 794 760 esse
811 699 898 771 meis,

167 790 204 848 Et
220 800 347 861 parvam
366 785 521 845 celebrere
537 785 660 846 domurn
675 791 862 857 veteresque
875 781 1013 845 Penates

126 879 159 931 10
210 872 248 930 m
263 886 343 944 quae
357 884 438 929 nunc
454 868 578 929 domino
594 884 667 929 rura
681 875 811 944 paterna
825 873 941 938 carent,

1107 1462 1122 2029 ξ

166 953 264 1027 Inque
279 953 348 1013 sinu
363 951 506 1012 dominae
523 951 667 1025 carisque
681 950 841 1013 sodalibus
857 948 955 1026 inque

209 1036 344 1096 Securus
360 1035 458 1111 patria
473 1035 676 1097 consenuisse
691 1050 769 1095 mea.

166 1121 251 1180 Haec
265 1135 333 1178 mea
348 1119 393 1180 sie
412 1120 567 1194 quondam
582 1119 689 1194 peragi
705 1123 885 1193 speraverat
900 1125 1006 1181 aetas:

210 1204 275 1263 Hos
292 1218 350 1278 ego
367 1201 412 1264 sic
428 1219 526 1264 annos
540 1219 660 1279 ponere
677 1203 788 1277 dignus
806 1216 899 1260 eram.

127 1295 159 1346 la
169 1287 236 1347 Non
252 1287 294 1346 ita
309 1286 355 1347 dis
373 1286 489 1360 visum,
514 1286 566 1362 qui
580 1303 630 1346 me
645 1295 790 1360 terraque
805 1282 946 1359 marique

211 1373 321 1432 Actum
338 1369 515 1432 Sarmaticis
533 1385 710 1446 exposuere
725 1367 812 1429 locis.

169 1457 201 1516 ln
220 1471 297 1515 cava
313 1456 467 1515 ducuntur
483 1469 617 1529 quassae
632 1452 752 1513 navalia
767 1467 900 1527 puppes,

211 1540 254 1598 Ne
269 1546 386 1599 temere
397 1537 428 1596 in
442 1536 550 1598 mediis
568 1536 774 1597 destituantur
790 1533 888 1608 aquis.

169 1623 214 1682 Ne
229 1621 318 1681 cadat
334 1628 364 1679 et
377 1624 488 1681 multas
504 1624 622 1695 palmas
638 1619 815 1680 inhonestet
828 1617 970 1692 adeptus,

121 1711 156 1762 20
211 1704 388 1778 Languidus
408 1704 437 1763 in
454 1704 550 1778 pratis
564 1703 701 1778 gramina
716 1700 815 1777 carpit
829 1716 940 1775 equus.

169 1787 259 1847 Miles
277 1795 308 1846 ut
324 1787 458 1846 emeritis
474 1803 534 1847 non
551 1793 599 1847 est
613 1786 688 1847 satis
704 1785 785 1847 utilis
800 1782 898 1853 annis,

212 1871 302 1930 Ponit
316 1870 356 1929 ad
373 1869 517 1944 antiquos
533 1886 614 1945 quae
629 1870 696 1930 tulit
711 1885 808 1940 arma,
831 1869 937 1928 Lares.

172 1953 223 2013 Sic
236 1952 341 2028 igitur,
364 1954 453 2013 tarda
469 1954 550 2014 vires
566 1954 721 2015 minuente
737 1959 871 2020 senecta,

211 2035 262 2097 Me
278 2053 405 2111 qnoque
419 2037 528 2097 donari
542 2038 601 2096 iam
618 2038 695 2097 rude
710 2044 832 2111 tempus
847 2040 922 2095 erat.

128 2129 161 2179 aa
172 2122 305 2194 Tempus
322 2128 387 2180 erat
402 2136 460 2180 nec
476 2137 525 2180 me
542 2120 736 2195 peregrinum
752 2119 867 2179 ducere
881 2120 1019 2192 caelum,

213 2204 276 2263 Nec
291 2204 404 2263 siccam
422 2202 526 2264 Getico
543 2206 628 2263 tonte
644 2206 749 2263 levare
763 2201 859 2262 sitim:

172 2285 234 2345 Sed
250 2287 358 2357 modo,
384 2303 464 2360 quos
486 2286 591 2359 habui,
614 2303 746 2347 uacuum
764 2284 913 2346 secedere
927 2283 958 2345 in
975 2285 1087 2355 hortos,

212 2370 299 2429 Nunc
314 2368 469 2429 hominum
486 2371 554 2430 visu
568 2386 675 2431 rursus
693 2379 723 2430 et
736 2370 819 2431 Urbe
834 2368 902 2428 lrui.
1118 2380 1122 2489 l

171 2451 222 2513 Sic
239 2451 341 2511 animo
359 2454 514 2526 qnondam
528 2470 590 2514 non
607 2452 764 2513 divinante
779 2452 880 2512 lutura

126 2544 161 2601 stt
215 2534 364 2609 Optabam
379 2535 500 2611 placide
515 2536 622 2596 vivere
637 2552 734 2611 posse
748 2551 855 2597 senex.

170 2616 245 2677 Fata
262 2625 487 2694 repugnarunt,
512 2635 591 2694 quae
607 2634 675 2679 cum
689 2618 760 2680 mihi
776 2626 917 2693 tempora
931 2617 1035 2693 prima

212 2700 316 2760 Mollia
331 2702 543 2777 praebuerint,
567 2704 741 2778 posteriora
755 2707 897 2779 gravant.

169 2784 296 2858 lamque
313 2784 420 2845 decem
437 2785 540 2846 lustris
557 2785 639 2846 omni
655 2785 722 2847 sine
740 2787 809 2848 labe
823 2782 967 2862 peractis,

211 2867 301 2926 Parte
318 2882 445 2942 premor·
458 2874 539 2929 vitae
554 2869 709 2931 deteriore
726 2885 828 2931 meae:

129 2955 161 3004 ab
171 2949 234 3010 Nec
249 2953 358 3025 presul
374 2951 511 3025 ametis,
536 2969 613 3027 quas
630 2969 731 3030 paene
745 2963 853 3015 tenere
865 2948 1005 3022 videbar,

209 3028 369 3094 Curriculo
385 3034 488 3110 gravis
508 3043 555 3097 est
570 3038 650 3097 lacta
664 3037 752 3098 ruina
767 3054 847 3100 nneo.

169 3117 251 3189 Ergo
267 3116 351 3177 illum
366 3119 539 3180 demensio
556 3136 604 3180 me
620 3121 741 3182 saevire
757 3121 854 3197 coegi,

210 3197 313 3258 Mitius
328 3200 486 3264 inmensus
504 3219 565 3277 quo
582 3203 655 3264 nihil
671 3204 754 3266 orbis
768 3205 880 3265 habeti

169 3281 303 3356 Ipsaque
319 3284 438 3347 delictis
454 3288 536 3346 vieta
550 3294 598 3348 est
613 3287 773 3348 clementia
789 3286 915 3357 nostris,

127 3373 160 3424 ⁴0
213 3365 276 3425 Nec
291 3375 393 3429 tamen
410 3368 506 3430 errori
524 3369 587 3430 vita
602 3381 713 3446 negata
728 3373 819 3432 maol
1034 3440 1037 3445 ,

168 3447 239 3508 Vita
252 3453 363 3524 procul
380 3451 479 3528 patria
494 3456 672 3529 peragenda
686 3456 743 3515 sub
759 3471 818 3516 axe
832 3455 939 3524 boreo,
