2318 3960
434 218 463 294 I,
486 215 662 281 lta-254.
994 216 1057 282 ποῖ

122 368 157 434 ln
175 369 274 446 pretio
291 369 421 445 pretium
438 387 520 429 nunc
536 375 591 428 est.
622 370 675 431 dat
689 385 801 430 census
816 369 962 442 honores,

166 453 285 514 Census
300 453 457 512 amicitias.
486 468 605 529 pauper
618 453 734 529 ubique
748 453 836 512 iacet.

122 539 168 600 Tu
181 544 281 598 tamen
298 537 469 613 auspicium
483 537 511 597 si
525 537 565 604 sit
578 536 665 613 stipis
681 537 768 611 utile,
785 538 918 611 quaeris,

55 633 111 688 aab
169 622 288 695 Corque
303 622 407 680 iuvent
421 628 542 681 vestras
557 636 630 679 acra
643 627 763 681 vetusta
777 628 908 681 mauus‘l

121 707 204 774 Aera
220 703 332 765 dabant
347 705 427 764 olim.
453 703 562 765 melius
577 720 658 764 nunc
675 721 765 765 omen
779 704 811 763 in
825 720 899 768 auro
915 713 971 779 cst,

163 789 316 864 Victaque
331 788 486 848 concessit
496 787 600 863 prisca
613 795 738 848 moneta
751 802 860 847 novae.

121 872 185 933 Nos
199 887 324 947 quoque
335 874 449 948 templa
460 872 572 946 iuvant,
588 872 729 946 quamvis
741 871 866 946 antiqua
876 875 1052 948 probemus,

164 958 277 1016 Aurea.
305 958 448 1016 maiestas
464 955 608 1015 convenit
621 955 680 1015 ista
694 957 763 1016 deo.

53 1049 108 1102 aab
122 1040 295 1100 Laudamus
312 1046 446 1115 veteres,
462 1040 519 1099 sed
534 1039 646 1099 nostris
661 1040 771 1100 utimur
784 1039 889 1106 annisa

166 1123 235 1183 Mos
250 1131 350 1184 tumen
365 1130 413 1183 est
427 1139 526 1198 aeque
541 1122 651 1198 diguus
667 1130 795 1198 uterquc
810 1124 893 1182 coli!

122 1207 256 1267 Finierat
268 1208 411 1269 monitus.
439 1206 571 1266 Placidis
586 1209 628 1267 ita
642 1223 765 1279 rursus,
783 1212 815 1265 ut
829 1213 909 1278 ante,

167 1291 357 1367 clavigerum
369 1290 474 1351 verbis
489 1290 641 1364 adloquor
655 1291 723 1366 ipse
738 1290 844 1349 deum:

123 1375 230 1435 ‘Multa
247 1375 370 1452 quidem
386 1374 488 1435 didici.
517 1375 574 1434 sed
589 1391 643 1435 cur
657 1373 774 1433 navalis
791 1374 822 1432 in
838 1388 908 1433 aere

56 1477 111 1531 230
167 1460 273 1519 Altera
284 1460 404 1534 signata
419 1466 480 1531 est,
497 1459 593 1518 altera
607 1458 704 1518 forma
717 1458 824 1531 biceps
832 1461 858 1514 t’

123 1543 272 1605 ‘Nascere
287 1559 336 1603 me
353 1542 467 1619 duplici
483 1558 595 1617 posses
610 1549 644 1602 ut
657 1542 817 1616 imaginc,’
833 1541 910 1602 dixit

166 1627 215 1686 ‘Ni
229 1635 318 1688 vetus
333 1626 403 1702 ipsa
420 1626 487 1685 dies
503 1633 700 1687 extenuasset
715 1640 805 1700 opus.

123 1712 225 1773 Causa
237 1711 312 1772 ratis
328 1717 485 1786 superest:
512 1709 644 1769 Tuscum
658 1716 724 1770 rate
737 1708 821 1769 venit
834 1708 865 1768 in
879 1724 998 1769 amnem

165 1796 246 1856 Ante
263 1801 418 1869 pererrato
433 1794 552 1854 lalciler
567 1795 642 1854 orbe
656 1794 744 1854 deus.

56 1889 110 1943 235
124 1880 191 1939 Hac
206 1894 264 1954 ego
280 1878 444 1939 Saturnum
458 1877 580 1937 memini
596 1878 703 1938 tellure
716 1884 881 1954 receptum.

166 1962 330 2024 Caelitibus
344 1963 448 2038 regnis
463 1978 482 2021 a
496 1962 570 2021 love
585 1962 693 2035 pulsus
709 1968 783 2020 crat.

122 2049 199 2107 Inde
214 2047 266 2106 diu
280 2045 361 2122 genti
377 2046 488 2106 mansit
502 2044 645 2106 Saturnia
659 2060 787 2106 nomena

165 2131 254 2191 Dicta
269 2146 393 2207 quoque
408 2137 455 2191 est
467 2130 586 2190 Latium
600 2136 688 2204 terra,
704 2129 816 2189 latente
831 2129 901 2190 deo.

123 2216 164 2276 At
177 2215 260 2275 bona
273 2215 436 2290 posteritas
453 2229 588 2290 puppem
602 2213 744 2273 formavit
757 2212 787 2271 in
802 2228 883 2286 aere,

57 2317 111 2370 240
168 2299 306 2374 Hospitis
321 2299 487 2359 adventum
500 2297 662 2358 testificata
677 2297 737 2356 dei.

124 2386 199 2459 lpse
214 2383 315 2444 solum
330 2383 426 2456 colui,
443 2382 529 2442 cuius
546 2381 755 2457 placidissima
768 2380 890 2440 laevum

167 2467 259 2527 Radit
273 2467 395 2527 arenosi
408 2465 574 2544 Thybridis
587 2466 671 2525 unda
687 2466 775 2525 latus.

124 2551 197 2622 Hic,
212 2551 265 2610 ubi
279 2567 360 2611 nunc
375 2552 474 2611 Roma
489 2557 549 2622 est,
565 2549 716 2608 incaedua
730 2548 810 2608 silva
821 2546 948 2619 virebat,

165 2635 323 2709 Tantaque
336 2650 386 2694 res
403 2635 509 2710 paucis
525 2648 640 2708 pascua
654 2630 754 2691 bubus
769 2639 842 2691 erat.

56 2733 110 2786 245
125 2719 192 2777 Arx
206 2733 276 2777 mea
292 2718 381 2778 collis
396 2724 475 2791 erat,
491 2733 581 2793 quem
598 2715 706 2775 cultrix
720 2714 842 2775 nomine
856 2720 962 2775 nostro

167 2801 329 2877 Nuncupat
342 2802 419 2861 haec
435 2808 536 2873 aetas,
552 2799 779 2873 Ianiculumque
794 2805 895 2858 vocat.

123 2886 208 2946 Tunc
222 2900 280 2960 ego
295 2884 477 2960 regnabam,
495 2884 614 2960 patiens
629 2898 698 2941 cum
712 2889 794 2942 terra
809 2883 935 2942 deorum

165 2971 272 3044 Esset,
290 2976 321 3030 et
334 2969 474 3028 humanis
489 2970 613 3029 numina
627 2966 721 3026 mixta
735 2965 821 3024 locis.

124 3053 265 3126 Nondum
278 3052 426 3114 lustitIam
443 3053 561 3113 lacinus
577 3051 703 3111 mortale
718 3050 850 3122 lugarab

58 3148 115 3202 250
169 3136 281 3197 Ultima
296 3137 335 3196 de
350 3136 472 3212 superis
486 3138 538 3197 illa
551 3134 672 3210 reliquit
688 3135 822 3194 humum.

125 3220 247 3295 Proque
260 3228 341 3280 metu
357 3221 504 3296 populum
521 3221 588 3280 sine
604 3220 634 3278 vi
650 3219 752 3293 pudor
766 3216 834 3291 ipse
850 3213 985 3290 regebat.
1087 3275 1089 3279 ,

166 3304 272 3365 Nullus
288 3311 352 3364 erat
366 3305 454 3365 iustis
468 3303 599 3363 reddere
614 3304 680 3362 iura
695 3301 790 3361 labor.

127 3387 170 3449 Nil
184 3387 258 3448 mihi
273 3404 341 3450 cum
355 3389 447 3449 bello.
477 3403 586 3463 pacem
601 3393 771 3460 postesque
784 3384 921 3445 tuebare

166 3472 205 3533 Et
218 3471 336 3534 clavem
350 3473 516 3533 ostendeus
531 3471 639 3532 ‘Haec’
656 3470 697 3530 ait
710 3474 808 3528 ‘arma
821 3469 919 3543 gero!
