2318 3960
100 227 162 293 2⁴2
476 226 500 286 F
505 226 730 288 ASTORUM

183 380 247 440 Iam
263 380 391 439 dederat
405 385 510 438 cantus
526 377 604 438 lucis
621 378 819 453 praenuntius
831 379 907 455 ales,

225 463 298 523 cum
313 464 447 541 referunt
459 462 587 521 iuvenes
603 462 633 520 in
650 479 706 521 sua
721 469 821 522 castra
839 462 960 538 pedem.

184 547 323 622 Carpitur
338 545 482 606 attonitos
497 545 632 604 absentis
647 546 779 619 imagine
794 562 907 608 sensus

115 641 167 697 770
221 632 282 689 1116.
310 629 484 689 recordanti
499 631 587 703 plura
602 629 761 704 magisque
775 631 906 704 placent.

184 715 235 775 Sic
250 713 338 785 sedit,
362 713 407 772 sic
423 713 504 772 culta
519 713 587 784 luit,
611 713 655 772 sic
672 713 801 772 stamina
815 715 909 788 nevit,

223 798 386 873 Neglectae
402 797 482 857 collo
497 796 541 855 sic
556 796 677 856 iacuere
693 811 809 869 comae,

184 883 248 942 llos
263 880 369 942 habuit
384 882 502 954 voltus,
524 880 601 939 haec
616 880 658 939 ilii
674 880 768 939 verba
789 873 919 955 luerunt,

223 965 279 1024 Hic
295 965 395 1039 color,
414 964 491 1025 llaec
507 958 611 1039 iacies,
633 964 683 1023 hic
698 965 793 1024 decor
809 964 872 1024 oris
887 970 961 1024 erat.

116 1061 166 1117 175
182 1051 220 1111 111
236 1050 348 1108 soleta
362 1063 473 1122 magno
488 1046 598 1108 iluctus
614 1048 813 1122 languescere
829 1046 913 1120 flatu,

224 1132 286 1192 Sed
300 1138 401 1191 11111111
417 1147 434 1190 1
449 1136 550 1206 vento,
574 1131 626 1204 qui
644 1132 707 1206 luit,
726 1132 811 1192 unda
824 1137 927 1206 tumet,

183 1216 234 1276 Sic
249 1215 389 1290 quamvis
404 1215 510 1274 aberat
526 1215 656 1290 placitae
670 1215 845 1290 praesentia
857 1215 985 1290 formae,

223 1299 317 1374 Quem
333 1298 461 1358 dederat
475 1314 624 1373 praesens
639 1300 745 1372 forma,
769 1298 911 1358 manebat
924 1314 1019 1359 arnor.

182 1384 287 1454 Ardet,
311 1389 341 1441 et
355 1382 457 1441 iniusti
473 1382 602 1442 stimulis
621 1383 751 1457 agitatur
765 1383 889 1442 amoris.

116 1477 168 1532 181
224 1467 386 1541 Comparat
399 1466 524 1540 indigno
538 1467 662 1541 vimque
678 1467 844 1540 dolumque
858 1473 937 1526 toro.

181 1550 287 1609 Exitus
302 1549 333 1608 in
348 1549 440 1609 dubio
456 1556 512 1608 est.
541 1550 744 1610 ‘Audebimus
758 1550 896 1609 ultimat'
917 1548 1009 1610 dixit=

222 1632 368 1705 ‘Viderit
390 1633 538 1694 audentes
556 1635 659 1694 lorsne
675 1634 792 1694 deusne
806 1633 898 1694 iuvet.

183 1716 325 1792 Cepimus
340 1715 482 1776 audendo
499 1717 613 1777 Gabios
629 1721 775 1794 quoque?
802 1717 885 1776 Talia
900 1716 980 1776 latus

223 1800 305 1860 Ense
319 1800 397 1858 latus
412 1799 520 1874 cinxit,
535 1807 683 1876 tergaque
697 1801 812 1876 pressit
825 1800 906 1876 equi.

114 1894 166 1949 785
179 1883 301 1958 Accipit
315 1888 419 1943 aerata
433 1883 573 1944 iuvenem
589 1884 714 1944 Collatia
728 1891 826 1960 porta,

225 1967 363 2028 Condere
378 1967 438 2026 iam
452 1969 554 2027 voltus
570 1969 636 2028 sole
651 1975 777 2043 parante
792 1981 876 2026 suos.

181 2051 302 2122 Hostis,
326 2057 359 2110 ut
371 2049 505 2126 hospes,
526 2051 581 2111 init
594 2052 763 2126 penetralia
777 2049 939 2111 Collatina=

223 2132 358 2195 Comiter
367 2135 526 2210 excipitur.
556 2134 704 2214 sanguine
718 2135 839 2195 iunctus
854 2140 928 2194 6111.

183 2213 332 2293 Quantum
346 2217 455 2278 animis
471 2218 584 2278 erroris
600 2218 693 2278 inestt
712 2225 801 2293 parat
815 2218 915 2278 inscia
927 2232 1029 2279 rerum

113 2314 166 2370 790
221 2301 330 2360 lnlelix
347 2304 455 2376 epulas
471 2301 611 2362 hostibus
625 2302 676 2361 illa
691 2302 767 2362 suis.

184 2385 316 2446 Functus
331 2393 396 2445 erat
413 2384 555 2460 dapibus.
583 2393 716 2460 poscunt
730 2401 787 2445 sua
800 2391 940 2458 tempora
955 2399 1090 2446 somnum

220 2468 289 2527 Nox
304 2475 382 2543 erat,
403 2475 434 2529 et
446 2474 510 2529 tota
523 2469 637 2529 lumina
651 2470 734 2528 nulla
748 2469 850 2529 domo.

183 2550 299 2626 Surgit,
323 2559 353 2611 et
367 2559 505 2613 auratum
521 2553 631 2628 vagina
645 2553 753 2614 liberat
766 2567 880 2623 ensem,

219 2635 257 2696 Et
275 2636 359 2695 venit
371 2636 402 2695 in
416 2635 583 2711 thalamos,
606 2642 701 2712 nupta
716 2636 843 2712 pudica,
862 2641 942 2694 tuos

115 2731 166 2787 791
179 2719 281 2794 thue
295 2726 395 2780 torum
409 2719 531 2795 pressit,
554 2720 699 2794 rueram,
713 2719 860 2790 Lucretio,
876 2733 997 2779 mecum
1010 2724 1072 2778 estt

222 2804 331 2863 Natus’
347 2804 388 2863 ait
402 2803 496 2879 ‘regis
511 2804 756 2879 Tarquiniusque
770 2805 903 2877 loquor?
975 2873 977 2878 .

183 2887 238 2946 llla
251 2887 334 2946 nihil.
365 2903 466 2962 neque
480 2887 561 2946 enim
575 2902 684 2947 vocem
700 2886 846 2963 viresque
859 2884 1016 2961 loquendi,

223 2971 285 3029 Aut
298 2970 414 3044 aliquid
427 2976 492 3031 toto
506 2978 632 3046 pectore
646 2970 755 3030 mentis
769 2970 869 3030 habet.

183 3053 247 3114 Sed
262 3054 370 3127 tremit,
388 3060 420 3114 ut
435 3056 590 3129 quondam
605 3054 732 3114 stabulis
747 3055 901 3131 deprensa
914 3051 1039 3112 16116116,

117 3147 168 3202 800
221 3137 320 3197 Parva
334 3138 393 3199 sub
407 3138 517 3199 iniesto
534 3155 602 3198 cum
616 3137 696 3198 iacet
709 3155 788 3214 agna
801 3139 886 3213 lupo.

183 3220 262 3295 Quid
276 3221 387 3281 iaciat?
405 3229 541 3298 pugnet?
562 3222 701 3282 vincetur
715 3222 827 3282 lamina
842 3235 994 3296 pugnans.

224 3302 357 3364 Clamet?
373 3312 404 3365 at
417 3306 446 3365 in
463 3306 581 3379 dextra,
603 3304 655 3381 qui
669 3311 759 3380 vetet,
775 3305 858 3365 ensis
874 3310 949 3364 erat

182 3384 335 3460 Effugiatt
355 3390 465 3464 positis
480 3396 647 3466 urguentur
660 3397 787 3463 pectora
801 3387 920 3464 palmis,
937 3463 938 3466 Ἴ

222 3471 305 3530 Tunc
318 3472 448 3548 primum
464 3481 590 3533 externa
605 3479 732 3549 pectora
743 3478 824 3532 tacta
838 3478 941 3532 manu.
