2318 3960
98 194 155 270 118Ι
451 224 465 255 0
488 199 714 262 1111101111

222 355 341 430 Perque
355 370 464 415 manus
479 353 570 415 huius
585 352 696 414 tradita
709 355 809 428 gentis
824 360 883 415 eat

180 440 221 498 At
235 447 267 498 tu
281 447 342 499 tam
358 439 495 514 placido,
512 455 604 514 quam
624 452 682 496 nos
705 453 832 513 quoque
847 435 1006 499 sensimus
1021 437 1092 499 illun

222 522 326 582 ludice
340 539 398 598 pm
414 522 547 582 lacrimis
563 538 617 582 ora
631 521 754 582 resolve
769 522 856 583 meis.

121 606 249 668 rosilon
265 607 358 681 petito
374 613 406 665 ut
419 607 499 667 bene
514 606 567 681 sit,
583 605 640 665 sed
656 604 697 664 uti
712 607 792 667 male
806 605 915 679 tutius,
932 612 1030 681 utque

220 690 351 750 Exilium
366 705 463 750 saevo
478 690 571 750 distet
584 688 623 750 ab
638 688 729 749 hoste
743 705 861 751 meum:

180 774 338 851 Quamque
353 775 468 835 dedere
481 773 555 833 mihi
569 773 744 849 praesentia
758 773 883 835 numina
896 772 1001 847 vitam,

220 857 288 921 Non
306 858 419 918 adimat
434 858 538 918 stricto
555 856 716 932 squalidus
732 873 807 918 cnse
823 858 932 918 Getes:

180 940 333 1017 Denique,
350 943 376 1002 si
390 944 518 1015 moriar,
535 941 662 1001 subeam
678 943 818 1016 pacatius
833 957 950 1014 arvum,

115 1035 167 1090 110
223 1026 303 1087 Ossa
317 1041 374 1085 nec
389 1042 408 1085 1
422 1025 568 1102 Scythica
581 1031 688 1101 nostra
701 1031 878 1101 premantur
891 1024 995 1098 humo,

178 1111 239 1169 Nec
254 1110 333 1169 male
349 1109 554 1185 compositoS,
569 1115 603 1169 ut
617 1109 734 1170 scilicet
748 1110 838 1170 exule
853 1108 990 1184 dignum,

219 1193 347 1255 Bistonii
362 1193 481 1254 cineres
496 1194 610 1269 ungula
623 1194 727 1268 pulset
740 1193 828 1268 equi:

175 1278 213 1338 Et
227 1295 281 1350 ne,
298 1279 324 1336 si
339 1285 481 1354 superest
496 1277 606 1353 uliquis
621 1283 693 1352 post
708 1277 816 1337 lunera
831 1292 953 1352 sensus,

218 1364 341 1422 Terreat
355 1369 386 1422 et
398 1378 504 1423 manes
522 1361 668 1422 Sarmatis
684 1361 793 1421 umbra
806 1360 904 1422 meo's

110 1454 163 1505 115
178 1445 318 1505 Caesaris
333 1446 410 1505 haee
424 1446 557 1505 animum
572 1451 712 1520 poterant
726 1445 831 1505 audita
844 1459 980 1519 movere,

216 1529 362 1601 Maxime,
379 1531 550 1590 movissent
563 1530 591 1588 si
605 1536 706 1590 tamen
720 1536 790 1590 onte
803 1536 898 1590 tuum.

174 1613 261 1686 Vox,
276 1628 402 1687 precor,
418 1615 575 1689 Augustas
590 1629 647 1688 pro
662 1629 711 1672 mc
724 1622 778 1672 tua
790 1613 908 1674 molliat
921 1614 1023 1688 aures,

217 1696 342 1755 Auxilio
356 1697 485 1770 trepidis
502 1713 582 1772 quae
593 1699 672 1757 solet
687 1712 759 1757 esse
773 1697 851 1757 reis=

173 1779 374 1855 Adsuetaque
389 1780 442 1840 tibi
458 1782 567 1841 doctae
582 1779 746 1844 dulcedine
760 1780 882 1856 linguae

112 1870 163 1924 110
218 1865 382 1938 Aequandi
397 1865 520 1940 superis
532 1872 660 1939 pectora
673 1862 764 1924 flecte
777 1865 845 1924 viri.

173 1948 240 2008 Non
254 1947 308 2007 tibi
322 1947 550 2022 Theromedon,
567 1948 744 2022 crudusque
757 1946 916 2024 rogabitur
928 1951 1054 2026 Atreus,

217 2031 334 2106 Quique
350 2032 415 2092 suis
429 2032 571 2092 homines
586 2031 699 2107 pabula
713 2034 784 2092 lecit
798 2033 904 2107 equis=
1051 2091 1054 2097 ,

175 2114 237 2175 Sed
251 2115 338 2190 piger
352 2115 392 2175 ad
407 2132 526 2191 poenas
541 2116 702 2191 princeps,
718 2116 758 2175 ad
772 2118 910 2193 praemio
924 2117 1029 2192 velox,

216 2198 334 2273 Quique
350 2199 446 2274 dolet,
464 2200 605 2276 quotiens
621 2200 740 2275 cogitur
759 2215 830 2262 esse
847 2201 945 2261 ferox.

109 2289 161 2344 115
176 2280 231 2355 Qui
247 2282 319 2342 vicit
334 2298 472 2359 semper,
488 2284 576 2345 victis
590 2290 623 2344 ut
638 2299 765 2360 parcere
778 2291 896 2360 posset,

217 2364 333 2425 Clausit
346 2374 377 2427 et
391 2373 516 2428 aeterna
531 2368 628 2428 civica
641 2368 723 2428 bella
736 2384 822 2429 sera:

171 2448 265 2509 Multa
279 2457 360 2510 metu
375 2466 510 2527 poenae,
529 2467 631 2528 poena
648 2453 700 2528 qui
713 2467 814 2528 pauca
831 2459 962 2528 coercet,

212 2533 250 2592 Et
264 2533 336 2594 iacit
349 2535 443 2595 invita
458 2536 585 2596 fulmina
599 2553 669 2597 rara
682 2552 784 2597 manu·

171 2615 252 2691 Ergo
266 2623 329 2677 tam
343 2619 482 2694 placidas
498 2625 599 2681 orator
613 2621 727 2680 missus
742 2620 782 2679 ad
796 2635 897 2695 eures,

107 2709 159 2762 130
213 2701 254 2761 Ut
272 2702 400 2779 propior
413 2704 530 2779 patriae
544 2703 584 2764 sit
598 2707 671 2781 luga
685 2711 805 2776 nostra,
821 2719 908 2779 rogo„

170 2784 223 2843 lile
238 2800 296 2860 ego
311 2802 393 2862 sum,
411 2788 505 2863 quite
520 2788 616 2862 colui,
632 2805 723 2866 quem
738 2790 816 2848 lesia
830 2788 952 2848 solebat

210 2869 292 2928 Inter
306 2871 455 2931 convivas
475 2888 583 2933 mensa
596 2871 703 2933 videre
716 2878 802 2933 tuos:
990 2880 994 2886 ·

165 2953 220 3012 llle
234 2968 308 3028 ego,
326 2954 377 3028 qui
393 2955 466 3015 duxi
482 2964 603 3017 vestros
617 2955 818 3033 Hymenaeon
834 2954 875 3016 ad
890 2955 986 3032 ignes,

209 3037 248 3097 Iit
266 3037 363 3098 cecini
378 3039 480 3099 lausto
496 3040 631 3100 carmina
646 3041 739 3115 dignu
754 3047 837 3101 toro:

107 3126 156 3180 135
171 3118 263 3180 Cuius
277 3127 308 3180 te
326 3123 449 3183 solitum
464 3124 587 3184 memini
602 3124 727 3184 laudare
741 3123 870 3199 libellos,
980 3166 994 3195 ¹·

210 3202 371 3280 Exceptis,
388 3206 511 3267 domino
528 3209 579 3282 qui
596 3223 730 3268 nocuere
745 3223 820 3268 suo:

168 3285 220 3345 Cui
235 3293 287 3347 tua
300 3305 527 3366 nonnumquam
542 3291 660 3351 miranti
675 3292 790 3368 scripta
803 3290 946 3366 legebasr

207 3368 262 3428 Ille
276 3386 351 3445 ego,
368 3374 406 3432 de
420 3381 526 3435 vestra
540 3375 590 3435 cui
610 3376 681 3436 dato
695 3382 789 3452 nupta
803 3375 896 3436 domo
912 3385 958 3438 111

165 3451 250 3512 lianc
265 3453 373 3530 probat
387 3460 418 3516 et
430 3457 529 3534 primo
544 3458 685 3528 dilectam
699 3474 821 3535 semper
835 3457 874 3518 ab
888 3473 970 3522 aevo
