<?xml version="1.0" encoding="UTF-8"?>
<!DOCTYPE html PUBLIC "-//W3C//DTD XHTML 1.0 Transitional//EN"
    "http://www.w3.org/TR/xhtml1/DTD/xhtml1-transitional.dtd">
<html xmlns="http://www.w3.org/1999/xhtml" xml:lang="en" lang="en">
 <head>
  <title>
</title>
<meta http-equiv="Content-Type" content="text/html;charset=utf-8" />
  <meta name='ocr-system' content='tesseract 3.04.00' />
  <meta name='ocr-capabilities' content='ocr_page ocr_carea ocr_par ocr_line ocrx_word'/>
</head>
<body>
  <div class='ocr_page' id='page_1' title='image "./povidiusnasoexr00merkgoog_0034.png"; bbox 0 0 2318 3960; ppageno 0'>
   <div class='ocr_carea' id='block_1_1' title="bbox 384 233 681 309">
    <p class='ocr_par' dir='ltr' id='par_1_1' title="bbox 384 233 681 309">
     <span class='ocr_line' id='line_1_1' title="bbox 384 233 681 309; baseline -0.007 -12"><span class='ocrx_word' id='word_1_1' title='bbox 384 235 412 308; x_wconf 91' lang='lat' dir='ltr'>l,</span> <span class='ocrx_word' id='word_1_2' title='bbox 436 233 471 308; x_wconf 81' lang='grc'>8,</span> <span class='ocrx_word' id='word_1_3' title='bbox 492 233 610 309; x_wconf 80' lang='grc'>25-9,</span> <span class='ocrx_word' id='word_1_4' title='bbox 631 235 681 297; x_wconf 82' lang='grc'>49.</span> 
     </span>
    </p>
   </div>
   <div class='ocr_carea' id='block_1_2' title="bbox 54 385 980 3615">
    <p class='ocr_par' dir='ltr' id='par_1_2' title="bbox 114 385 885 630">
     <span class='ocr_line' id='line_1_2' title="bbox 156 385 885 467; baseline 0.008 -21"><span class='ocrx_word' id='word_1_5' title='bbox 156 385 230 447; x_wconf 84' lang='lat' dir='ltr'>Cum</span> <span class='ocrx_word' id='word_1_6' title='bbox 250 388 322 448; x_wconf 90' lang='lat' dir='ltr'>lutet</span> <span class='ocrx_word' id='word_1_7' title='bbox 340 386 389 446; x_wconf 88' lang='lat' dir='ltr'>hic</span> <span class='ocrx_word' id='word_1_8' title='bbox 409 403 537 462; x_wconf 87' lang='lat' dir='ltr'>pressus</span> <span class='ocrx_word' id='word_1_9' title='bbox 558 386 706 461; x_wconf 90' lang='lat' dir='ltr'>nubibus,</span> <span class='ocrx_word' id='word_1_10' title='bbox 728 389 779 450; x_wconf 85' lang='lat' dir='ltr'>illa</span> <span class='ocrx_word' id='word_1_11' title='bbox 799 391 885 467; x_wconf 79' lang='lat' dir='ltr'>fugit,</span> 
     </span>
     <span class='ocr_line' id='line_1_3' title="bbox 114 468 869 548; baseline 0.001 -19"><span class='ocrx_word' id='word_1_12' title='bbox 114 468 229 530; x_wconf 83' lang='lat' dir='ltr'>Mobile</span> <span class='ocrx_word' id='word_1_13' title='bbox 245 471 291 530; x_wconf 89' lang='lat' dir='ltr'>sic</span> <span class='ocrx_word' id='word_1_14' title='bbox 306 471 445 544; x_wconf 89' lang='lat' dir='ltr'>sequitur</span> <span class='ocrx_word' id='word_1_15' title='bbox 459 472 599 532; x_wconf 82' lang='lat' dir='ltr'><strong>fortunae</strong></span> <span class='ocrx_word' id='word_1_16' title='bbox 612 470 727 531; x_wconf 88' lang='lat' dir='ltr'>lumina</span> <span class='ocrx_word' id='word_1_17' title='bbox 741 476 869 548; x_wconf 69' lang='lat' dir='ltr'>vulgum</span> 
     </span>
     <span class='ocr_line' id='line_1_4' title="bbox 156 552 831 630; baseline 0.003 -17"><span class='ocrx_word' id='word_1_18' title='bbox 156 552 240 627; x_wconf 82' lang='lat' dir='ltr'>Quae</span> <span class='ocrx_word' id='word_1_19' title='bbox 256 553 345 613; x_wconf 92' lang='lat' dir='ltr'>simul</span> <span class='ocrx_word' id='word_1_20' title='bbox 360 555 484 615; x_wconf 90' lang='lat' dir='ltr'>inductu</span> <span class='ocrx_word' id='word_1_21' title='bbox 497 553 579 615; x_wconf 90' lang='lat' dir='ltr'>nube</span> <span class='ocrx_word' id='word_1_22' title='bbox 594 560 744 630; x_wconf 81' lang='lat' dir='ltr'>teguntur,</span> <span class='ocrx_word' id='word_1_23' title='bbox 760 557 831 618; x_wconf 79' lang='lat' dir='ltr'>abit.</span> 
     </span>
    </p>

    <p class='ocr_par' dir='ltr' id='par_1_3' title="bbox 54 637 980 3615">
     <span class='ocr_line' id='line_1_5' title="bbox 61 637 931 713; baseline 0.003 -16"><span class='ocrx_word' id='word_1_24' title='bbox 61 645 97 697; x_wconf 79' lang='lat'>15</span> <span class='ocrx_word' id='word_1_25' title='bbox 111 637 196 696; x_wconf 89' lang='lat' dir='ltr'>Haec</span> <span class='ocrx_word' id='word_1_26' title='bbox 210 651 330 711; x_wconf 78' lang='lat' dir='ltr'>precor,</span> <span class='ocrx_word' id='word_1_27' title='bbox 346 644 378 697; x_wconf 93' lang='lat' dir='ltr'>ut</span> <span class='ocrx_word' id='word_1_28' title='bbox 393 653 516 712; x_wconf 83' lang='lat' dir='ltr'>semper</span> <span class='ocrx_word' id='word_1_29' title='bbox 530 637 653 713; x_wconf 86' lang='lat' dir='ltr'><strong>possint</strong></span> <span class='ocrx_word' id='word_1_30' title='bbox 666 639 719 698; x_wconf 89' lang='lat' dir='ltr'>tibi</span> <span class='ocrx_word' id='word_1_31' title='bbox 734 639 811 700; x_wconf 81' lang='lat' dir='ltr'>falsa</span> <span class='ocrx_word' id='word_1_32' title='bbox 825 641 931 702; x_wconf 86' lang='lat' dir='ltr'>videri.</span> 
     </span>
     <span class='ocr_line' id='line_1_6' title="bbox 150 718 792 784; baseline 0.003 -5"><span class='ocrx_word' id='word_1_33' title='bbox 150 718 227 780; x_wconf 89' lang='lat' dir='ltr'>Sunt</span> <span class='ocrx_word' id='word_1_34' title='bbox 239 727 339 780; x_wconf 88' lang='lat' dir='ltr'>tamcn</span> <span class='ocrx_word' id='word_1_35' title='bbox 358 727 469 782; x_wconf 91' lang='lat' dir='ltr'>eventu</span> <span class='ocrx_word' id='word_1_36' title='bbox 487 737 562 782; x_wconf 85' lang='lat' dir='ltr'>vera</span> <span class='ocrx_word' id='word_1_37' title='bbox 577 722 700 782; x_wconf 83' lang='lat' dir='ltr'>fatenda</span> <span class='ocrx_word' id='word_1_38' title='bbox 713 739 792 784; x_wconf 91' lang='lat' dir='ltr'>meo.</span> 
     </span>
     <span class='ocr_line' id='line_1_7' title="bbox 113 804 980 882; baseline 0.007 -18"><span class='ocrx_word' id='word_1_39' title='bbox 113 804 193 864; x_wconf 88' lang='lat' dir='ltr'>Dum</span> <span class='ocrx_word' id='word_1_40' title='bbox 207 805 354 878; x_wconf 89' lang='lat' dir='ltr'>stetimus,</span> <span class='ocrx_word' id='word_1_41' title='bbox 370 805 476 865; x_wconf 84' lang='lat' dir='ltr'>turbae</span> <span class='ocrx_word' id='word_1_42' title='bbox 492 809 637 880; x_wconf 89' lang='lat' dir='ltr'>quantum</span> <span class='ocrx_word' id='word_1_43' title='bbox 653 806 727 866; x_wconf 90' lang='lat' dir='ltr'>satis</span> <span class='ocrx_word' id='word_1_44' title='bbox 743 813 835 882; x_wconf 91' lang='lat' dir='ltr'>esset,</span> <span class='ocrx_word' id='word_1_45' title='bbox 850 807 980 871; x_wconf 87' lang='lat' dir='ltr'>habebat</span> 
     </span>
     <span class='ocr_line' id='line_1_8' title="bbox 151 887 836 962; baseline 0.006 -17"><span class='ocrx_word' id='word_1_46' title='bbox 151 887 229 948; x_wconf 90' lang='lat' dir='ltr'>Nota</span> <span class='ocrx_word' id='word_1_47' title='bbox 245 887 376 962; x_wconf 91' lang='lat' dir='ltr'>quidem,</span> <span class='ocrx_word' id='word_1_48' title='bbox 393 889 526 949; x_wconf 90' lang='lat' dir='ltr'>sednon</span> <span class='ocrx_word' id='word_1_49' title='bbox 542 888 703 949; x_wconf 85' lang='lat' dir='ltr'>ambitiosa</span> <span class='ocrx_word' id='word_1_50' title='bbox 717 890 836 951; x_wconf 92' lang='lat' dir='ltr'>domus.</span> 
     </span>
     <span class='ocr_line' id='line_1_9' title="bbox 108 970 872 1050; baseline 0.007 -21"><span class='ocrx_word' id='word_1_51' title='bbox 108 972 150 1029; x_wconf 83' lang='lat' dir='ltr'>At</span> <span class='ocrx_word' id='word_1_52' title='bbox 164 970 254 1030; x_wconf 92' lang='lat' dir='ltr'>simul</span> <span class='ocrx_word' id='word_1_53' title='bbox 268 972 399 1047; x_wconf 89' lang='lat' dir='ltr'>impulsu</span> <span class='ocrx_word' id='word_1_54' title='bbox 412 977 468 1047; x_wconf 87' lang='lat' dir='ltr'>est,</span> <span class='ocrx_word' id='word_1_55' title='bbox 484 987 591 1031; x_wconf 87' lang='lat' dir='ltr'>omnes</span> <span class='ocrx_word' id='word_1_56' title='bbox 605 973 732 1032; x_wconf 76' lang='lat' dir='ltr'>timuere</span> <span class='ocrx_word' id='word_1_57' title='bbox 745 974 872 1050; x_wconf 89' lang='lat' dir='ltr'>ruinam,</span> 
     </span>
     <span class='ocr_line' id='line_1_10' title="bbox 56 1053 817 1131; baseline -0.003 -15"><span class='ocrx_word' id='word_1_58' title='bbox 56 1062 96 1116; x_wconf 80' lang='lat'>20</span> <span class='ocrx_word' id='word_1_59' title='bbox 150 1053 304 1129; x_wconf 83' lang='lat' dir='ltr'>cautaque</span> <span class='ocrx_word' id='word_1_60' title='bbox 320 1056 472 1116; x_wconf 92' lang='lat' dir='ltr'>communi</span> <span class='ocrx_word' id='word_1_61' title='bbox 486 1062 572 1131; x_wconf 83' lang='lat' dir='ltr'>terga</span> <span class='ocrx_word' id='word_1_62' title='bbox 587 1055 700 1115; x_wconf 86' lang='lat' dir='ltr'>dedere</span> <span class='ocrx_word' id='word_1_63' title='bbox 718 1057 817 1130; x_wconf 76' lang='lat' dir='ltr'>fugae.</span> 
     </span>
     <span class='ocr_line' id='line_1_11' title="bbox 110 1135 969 1216; baseline 0.007 -20"><span class='ocrx_word' id='word_1_64' title='bbox 110 1135 211 1197; x_wconf 91' lang='lat' dir='ltr'>Saeva</span> <span class='ocrx_word' id='word_1_65' title='bbox 225 1153 326 1213; x_wconf 91' lang='lat' dir='ltr'>neque</span> <span class='ocrx_word' id='word_1_66' title='bbox 341 1138 475 1199; x_wconf 85' lang='lat' dir='ltr'>admiror</span> <span class='ocrx_word' id='word_1_67' title='bbox 489 1145 626 1200; x_wconf 91' lang='lat' dir='ltr'>metuunt</span> <span class='ocrx_word' id='word_1_68' title='bbox 640 1139 667 1198; x_wconf 90' lang='lat' dir='ltr'>si</span> <span class='ocrx_word' id='word_1_69' title='bbox 682 1141 815 1215; x_wconf 80' lang='lat' dir='ltr'>fulmina,</span> <span class='ocrx_word' id='word_1_70' title='bbox 830 1157 969 1216; x_wconf 89' lang='lat' dir='ltr'>quorum</span> 
     </span>
     <span class='ocr_line' id='line_1_12' title="bbox 145 1220 821 1298; baseline 0.001 -19"><span class='ocrx_word' id='word_1_71' title='bbox 145 1221 269 1295; x_wconf 80' lang='lat' dir='ltr'>Ignibus</span> <span class='ocrx_word' id='word_1_72' title='bbox 286 1220 384 1281; x_wconf 89' lang='lat' dir='ltr'>alssari</span> <span class='ocrx_word' id='word_1_73' title='bbox 400 1223 540 1297; x_wconf 87' lang='lat' dir='ltr'>proxima</span> <span class='ocrx_word' id='word_1_74' title='bbox 555 1237 696 1298; x_wconf 90' lang='lat' dir='ltr'>quaeque</span> <span class='ocrx_word' id='word_1_75' title='bbox 712 1224 821 1283; x_wconf 91' lang='lat' dir='ltr'>solent.</span> 
     </span>
     <span class='ocr_line' id='line_1_13' title="bbox 110 1302 908 1368; baseline 0.005 -5"><span class='ocrx_word' id='word_1_76' title='bbox 110 1302 174 1363; x_wconf 92' lang='lat' dir='ltr'>Sed</span> <span class='ocrx_word' id='word_1_77' title='bbox 188 1311 288 1364; x_wconf 89' lang='lat' dir='ltr'>tamen</span> <span class='ocrx_word' id='word_1_78' title='bbox 303 1307 334 1364; x_wconf 91' lang='lat' dir='ltr'>in</span> <span class='ocrx_word' id='word_1_79' title='bbox 349 1305 434 1365; x_wconf 91' lang='lat' dir='ltr'>duris</span> <span class='ocrx_word' id='word_1_80' title='bbox 450 1311 657 1365; x_wconf 85' lang='lat' dir='ltr'>remanentem</span> <span class='ocrx_word' id='word_1_81' title='bbox 669 1306 762 1368; x_wconf 86' lang='lat' dir='ltr'>rebus</span> <span class='ocrx_word' id='word_1_82' title='bbox 778 1306 908 1367; x_wconf 91' lang='lat' dir='ltr'>amicum</span> 
     </span>
     <span class='ocr_line' id='line_1_14' title="bbox 153 1387 846 1465; baseline 0.004 -19"><span class='ocrx_word' id='word_1_83' title='bbox 153 1387 322 1460; x_wconf 79' lang='lat' dir='ltr'>Quamlibet</span> <span class='ocrx_word' id='word_1_84' title='bbox 336 1389 435 1449; x_wconf 89' lang='lat' dir='ltr'>inviso</span> <span class='ocrx_word' id='word_1_85' title='bbox 452 1388 564 1449; x_wconf 83' lang='lat' dir='ltr'>Cacsar</span> <span class='ocrx_word' id='word_1_86' title='bbox 578 1388 607 1447; x_wconf 91' lang='lat' dir='ltr'>in</span> <span class='ocrx_word' id='word_1_87' title='bbox 622 1388 713 1449; x_wconf 89' lang='lat' dir='ltr'>hoste</span> <span class='ocrx_word' id='word_1_88' title='bbox 726 1390 846 1465; x_wconf 90' lang='lat' dir='ltr'>probat,</span> 
     </span>
     <span class='ocr_line' id='line_1_15' title="bbox 59 1470 946 1546; baseline 0.001 -16"><span class='ocrx_word' id='word_1_89' title='bbox 59 1479 95 1530; x_wconf 76' lang='lat'>25</span> <span class='ocrx_word' id='word_1_90' title='bbox 109 1470 173 1529; x_wconf 88' lang='lat' dir='ltr'>Nec</span> <span class='ocrx_word' id='word_1_91' title='bbox 189 1472 268 1530; x_wconf 92' lang='lat' dir='ltr'>solet</span> <span class='ocrx_word' id='word_1_92' title='bbox 280 1470 413 1544; x_wconf 68' lang='lat' dir='ltr'>irasci...</span> <span class='ocrx_word' id='word_1_93' title='bbox 429 1472 624 1546; x_wconf 90' lang='lat' dir='ltr'>nequeenim</span> <span class='ocrx_word' id='word_1_94' title='bbox 640 1473 825 1533; x_wconf 80' lang='lat' dir='ltr'>moderatior</span> <span class='ocrx_word' id='word_1_95' title='bbox 840 1475 946 1534; x_wconf 80' lang='lat' dir='ltr'>alter...</span> 
     </span>
     <span class='ocr_line' id='line_1_16' title="bbox 150 1552 878 1630; baseline 0.003 -18"><span class='ocrx_word' id='word_1_96' title='bbox 150 1552 224 1613; x_wconf 82' lang='lat' dir='ltr'>Cum</span> <span class='ocrx_word' id='word_1_97' title='bbox 240 1555 308 1628; x_wconf 93' lang='lat' dir='ltr'>quis</span> <span class='ocrx_word' id='word_1_98' title='bbox 324 1555 353 1612; x_wconf 90' lang='lat' dir='ltr'>in</span> <span class='ocrx_word' id='word_1_99' title='bbox 370 1555 519 1628; x_wconf 87' lang='lat' dir='ltr'>adversis,</span> <span class='ocrx_word' id='word_1_100' title='bbox 535 1555 638 1630; x_wconf 85' lang='lat' dir='ltr'>siquid</span> <span class='ocrx_word' id='word_1_101' title='bbox 653 1555 772 1629; x_wconf 84' lang='lat' dir='ltr'>amavit,</span> <span class='ocrx_word' id='word_1_102' title='bbox 788 1563 878 1616; x_wconf 88' lang='lat' dir='ltr'>amal.</span> 
     </span>
     <span class='ocr_line' id='line_1_17' title="bbox 108 1637 918 1714; baseline 0.006 -19"><span class='ocrx_word' id='word_1_103' title='bbox 108 1637 154 1696; x_wconf 85' lang='lat' dir='ltr'>De</span> <span class='ocrx_word' id='word_1_104' title='bbox 169 1637 278 1696; x_wconf 85' lang='lat' dir='ltr'>comite</span> <span class='ocrx_word' id='word_1_105' title='bbox 292 1638 428 1712; x_wconf 81' lang='lat' dir='ltr'>Argolici</span> <span class='ocrx_word' id='word_1_106' title='bbox 442 1644 608 1713; x_wconf 84' lang='lat' dir='ltr'>postquam</span> <span class='ocrx_word' id='word_1_107' title='bbox 625 1640 769 1713; x_wconf 85' lang='lat' dir='ltr'>cognovit</span> <span class='ocrx_word' id='word_1_108' title='bbox 784 1638 918 1714; x_wconf 86' lang='lat' dir='ltr'>Orestae,</span> 
     </span>
     <span class='ocr_line' id='line_1_18' title="bbox 150 1719 819 1798; baseline 0.001 -20"><span class='ocrx_word' id='word_1_109' title='bbox 150 1719 295 1782; x_wconf 88' lang='lat' dir='ltr'>Narratur</span> <span class='ocrx_word' id='word_1_110' title='bbox 308 1721 445 1798; x_wconf 80' lang='lat' dir='ltr'>Pyladen</span> <span class='ocrx_word' id='word_1_111' title='bbox 460 1722 528 1796; x_wconf 90' lang='lat' dir='ltr'>ipse</span> <span class='ocrx_word' id='word_1_112' title='bbox 542 1722 694 1796; x_wconf 84' lang='lat' dir='ltr'>probasse</span> <span class='ocrx_word' id='word_1_113' title='bbox 707 1722 819 1782; x_wconf 79' lang='lat' dir='ltr'>Troas</span> 
     </span>
     <span class='ocr_line' id='line_1_19' title="bbox 108 1803 934 1879; baseline 0.001 -15"><span class='ocrx_word' id='word_1_114' title='bbox 108 1803 193 1878; x_wconf 83' lang='lat' dir='ltr'>Quae</span> <span class='ocrx_word' id='word_1_115' title='bbox 208 1803 263 1864; x_wconf 86' lang='lat' dir='ltr'>luit</span> <span class='ocrx_word' id='word_1_116' title='bbox 276 1803 443 1865; x_wconf 83' lang='lat' dir='ltr'>Actoridae</span> <span class='ocrx_word' id='word_1_117' title='bbox 459 1821 527 1865; x_wconf 92' lang='lat' dir='ltr'>cum</span> <span class='ocrx_word' id='word_1_118' title='bbox 542 1820 653 1879; x_wconf 83' lang='lat' dir='ltr'>magno</span> <span class='ocrx_word' id='word_1_119' title='bbox 669 1820 792 1879; x_wconf 92' lang='lat' dir='ltr'>semper</span> <span class='ocrx_word' id='word_1_120' title='bbox 806 1803 934 1879; x_wconf 82' lang='lat' dir='ltr'>Achille,</span> 
     </span>
     <span class='ocr_line' id='line_1_20' title="bbox 58 1887 776 1950; baseline -0.004 -1"><span class='ocrx_word' id='word_1_121' title='bbox 58 1895 95 1949; x_wconf 77' lang='lat'>30</span> <span class='ocrx_word' id='word_1_122' title='bbox 150 1887 283 1947; x_wconf 87' lang='lat' dir='ltr'>Laudari</span> <span class='ocrx_word' id='word_1_123' title='bbox 298 1888 388 1950; x_wconf 90' lang='lat' dir='ltr'>solita</span> <span class='ocrx_word' id='word_1_124' title='bbox 402 1893 449 1947; x_wconf 91' lang='lat' dir='ltr'>est</span> <span class='ocrx_word' id='word_1_125' title='bbox 463 1887 603 1948; x_wconf 89' lang='lat' dir='ltr'>Hectoris</span> <span class='ocrx_word' id='word_1_126' title='bbox 620 1904 673 1949; x_wconf 89' lang='lat' dir='ltr'>ore</span> <span class='ocrx_word' id='word_1_127' title='bbox 688 1889 776 1948; x_wconf 89' lang='lat' dir='ltr'>fides.</span> 
     </span>
     <span class='ocr_line' id='line_1_21' title="bbox 108 1969 943 2046; baseline 0.005 -18"><span class='ocrx_word' id='word_1_128' title='bbox 108 1969 197 2043; x_wconf 85' lang='lat' dir='ltr'>Quod</span> <span class='ocrx_word' id='word_1_129' title='bbox 211 1970 282 2046; x_wconf 92' lang='lat' dir='ltr'>pius</span> <span class='ocrx_word' id='word_1_130' title='bbox 298 1970 337 2031; x_wconf 89' lang='lat' dir='ltr'>ad</span> <span class='ocrx_word' id='word_1_131' title='bbox 352 1987 458 2031; x_wconf 89' lang='lat' dir='ltr'>manes</span> <span class='ocrx_word' id='word_1_132' title='bbox 472 1971 610 2031; x_wconf 88' lang='lat' dir='ltr'>Theseus</span> <span class='ocrx_word' id='word_1_133' title='bbox 627 1986 730 2031; x_wconf 88' lang='lat' dir='ltr'>comes</span> <span class='ocrx_word' id='word_1_134' title='bbox 746 1971 822 2030; x_wconf 89' lang='lat' dir='ltr'>isset</span> <span class='ocrx_word' id='word_1_135' title='bbox 837 1971 943 2046; x_wconf 92' lang='lat' dir='ltr'>amico,</span> 
     </span>
     <span class='ocr_line' id='line_1_22' title="bbox 147 2054 745 2114; baseline -0.003 -1"><span class='ocrx_word' id='word_1_136' title='bbox 147 2055 324 2114; x_wconf 89' lang='lat' dir='ltr'>Tartareum</span> <span class='ocrx_word' id='word_1_137' title='bbox 339 2055 444 2114; x_wconf 90' lang='lat' dir='ltr'>dieunt</span> <span class='ocrx_word' id='word_1_138' title='bbox 459 2054 629 2114; x_wconf 91' lang='lat' dir='ltr'>indoluisse</span> <span class='ocrx_word' id='word_1_139' title='bbox 644 2055 745 2113; x_wconf 91' lang='lat' dir='ltr'>deum.</span> 
     </span>
     <span class='ocr_line' id='line_1_23' title="bbox 104 2137 756 2215; baseline 0.003 -19"><span class='ocrx_word' id='word_1_140' title='bbox 104 2137 231 2215; x_wconf 83' lang='lat' dir='ltr'>Euryali</span> <span class='ocrx_word' id='word_1_141' title='bbox 245 2137 371 2212; x_wconf 88' lang='lat' dir='ltr'>Nisique</span> <span class='ocrx_word' id='word_1_142' title='bbox 386 2137 447 2197; x_wconf 92' lang='lat' dir='ltr'>lide</span> <span class='ocrx_word' id='word_1_143' title='bbox 461 2137 523 2211; x_wconf 90' lang='lat' dir='ltr'>tibi,</span> <span class='ocrx_word' id='word_1_144' title='bbox 537 2138 646 2212; x_wconf 89' lang='lat' dir='ltr'>Turne,</span> <span class='ocrx_word' id='word_1_145' title='bbox 661 2140 756 2198; x_wconf 87' lang='lat' dir='ltr'>relata</span> 
     </span>
     <span class='ocr_line' id='line_1_24' title="bbox 147 2214 827 2295; baseline -0.003 -15"><span class='ocrx_word' id='word_1_146' title='bbox 147 2220 296 2280; x_wconf 89' lang='lat' dir='ltr'>Credibile</span> <span class='ocrx_word' id='word_1_147' title='bbox 311 2227 359 2281; x_wconf 90' lang='lat' dir='ltr'>est</span> <span class='ocrx_word' id='word_1_148' title='bbox 372 2214 504 2280; x_wconf 80' lang='lat' dir='ltr'>lacrimis</span> <span class='ocrx_word' id='word_1_149' title='bbox 518 2221 706 2281; x_wconf 88' lang='lat' dir='ltr'>inmaduisse</span> <span class='ocrx_word' id='word_1_150' title='bbox 721 2236 827 2295; x_wconf 84' lang='lat' dir='ltr'>genas.</span> 
     </span>
     <span class='ocr_line' id='line_1_25' title="bbox 55 2303 885 2378; baseline -0.006 -12"><span class='ocrx_word' id='word_1_151' title='bbox 55 2311 90 2366; x_wconf 76' lang='lat'>35</span> <span class='ocrx_word' id='word_1_152' title='bbox 105 2303 161 2364; x_wconf 86' lang='lat' dir='ltr'>Est</span> <span class='ocrx_word' id='word_1_153' title='bbox 174 2305 264 2364; x_wconf 91' lang='lat' dir='ltr'>etiarn</span> <span class='ocrx_word' id='word_1_154' title='bbox 278 2303 398 2364; x_wconf 90' lang='lat' dir='ltr'>miseris</span> <span class='ocrx_word' id='word_1_155' title='bbox 413 2304 522 2378; x_wconf 87' lang='lat' dir='ltr'>pietas,</span> <span class='ocrx_word' id='word_1_156' title='bbox 538 2311 568 2364; x_wconf 89' lang='lat' dir='ltr'>ct</span> <span class='ocrx_word' id='word_1_157' title='bbox 582 2305 611 2364; x_wconf 89' lang='lat' dir='ltr'>in</span> <span class='ocrx_word' id='word_1_158' title='bbox 626 2305 715 2366; x_wconf 89' lang='lat' dir='ltr'>hoste</span> <span class='ocrx_word' id='word_1_159' title='bbox 729 2304 885 2378; x_wconf 88' lang='lat' dir='ltr'>probatur.</span> 
     </span>
     <span class='ocr_line' id='line_1_26' title="bbox 147 2387 951 2463; baseline 0.001 -17"><span class='ocrx_word' id='word_1_160' title='bbox 147 2387 183 2446; x_wconf 84' lang='lat' dir='ltr'>Ei</span> <span class='ocrx_word' id='word_1_161' title='bbox 198 2387 279 2463; x_wconf 87' lang='lat' dir='ltr'>mihi,</span> <span class='ocrx_word' id='word_1_162' title='bbox 296 2403 386 2462; x_wconf 93' lang='lat' dir='ltr'>quam</span> <span class='ocrx_word' id='word_1_163' title='bbox 402 2403 530 2462; x_wconf 90' lang='lat' dir='ltr'>paucos,</span> <span class='ocrx_word' id='word_1_164' title='bbox 545 2387 622 2448; x_wconf 85' lang='lat' dir='ltr'>haec</span> <span class='ocrx_word' id='word_1_165' title='bbox 637 2403 705 2447; x_wconf 89' lang='lat' dir='ltr'>mea</span> <span class='ocrx_word' id='word_1_166' title='bbox 719 2388 800 2448; x_wconf 89' lang='lat' dir='ltr'>diota</span> <span class='ocrx_word' id='word_1_167' title='bbox 814 2393 951 2447; x_wconf 83' lang='lat' dir='ltr'>movent!</span> 
     </span>
     <span class='ocr_line' id='line_1_27' title="bbox 103 2472 860 2541; baseline 0.001 -13"><span class='ocrx_word' id='word_1_168' title='bbox 103 2472 134 2529; x_wconf 90' lang='lat' dir='ltr'>Is</span> <span class='ocrx_word' id='word_1_169' title='bbox 150 2476 248 2530; x_wconf 91' lang='lat' dir='ltr'>status</span> <span class='ocrx_word' id='word_1_170' title='bbox 263 2478 311 2531; x_wconf 89' lang='lat' dir='ltr'>est</span> <span class='ocrx_word' id='word_1_171' title='bbox 323 2486 426 2530; x_wconf 89' lang='lat' dir='ltr'>rerum</span> <span class='ocrx_word' id='word_1_172' title='bbox 441 2487 522 2531; x_wconf 89' lang='lat' dir='ltr'>nunc</span> <span class='ocrx_word' id='word_1_173' title='bbox 537 2477 567 2530; x_wconf 92' lang='lat' dir='ltr'>et</span> <span class='ocrx_word' id='word_1_174' title='bbox 581 2472 703 2531; x_wconf 88' lang='lat' dir='ltr'>lortuna</span> <span class='ocrx_word' id='word_1_175' title='bbox 717 2486 860 2541; x_wconf 90' lang='lat' dir='ltr'>mearum,</span> 
     </span>
     <span class='ocr_line' id='line_1_28' title="bbox 146 2554 866 2615; baseline 0 -3"><span class='ocrx_word' id='word_1_176' title='bbox 146 2554 263 2613; x_wconf 89' lang='lat' dir='ltr'>Debeat</span> <span class='ocrx_word' id='word_1_177' title='bbox 277 2560 311 2614; x_wconf 94' lang='lat' dir='ltr'>ut</span> <span class='ocrx_word' id='word_1_178' title='bbox 324 2554 456 2614; x_wconf 88' lang='lat' dir='ltr'>lacrimis</span> <span class='ocrx_word' id='word_1_179' title='bbox 472 2555 573 2614; x_wconf 91' lang='lat' dir='ltr'>nullus</span> <span class='ocrx_word' id='word_1_180' title='bbox 590 2555 703 2615; x_wconf 86' lang='lat' dir='ltr'>adesse</span> <span class='ocrx_word' id='word_1_181' title='bbox 717 2555 838 2615; x_wconf 88' lang='lat' dir='ltr'>modus.</span> <span class='ocrx_word' id='word_1_182' title='bbox 863 2554 866 2558; x_wconf 77' lang='grc'>’</span> 
     </span>
     <span class='ocr_line' id='line_1_29' title="bbox 104 2637 941 2713; baseline 0.001 -17"><span class='ocrx_word' id='word_1_183' title='bbox 104 2637 146 2696; x_wconf 87' lang='lat' dir='ltr'>At</span> <span class='ocrx_word' id='word_1_184' title='bbox 159 2651 228 2696; x_wconf 88' lang='lat' dir='ltr'>mea</span> <span class='ocrx_word' id='word_1_185' title='bbox 243 2644 322 2712; x_wconf 89' lang='lat' dir='ltr'>sunt,</span> <span class='ocrx_word' id='word_1_186' title='bbox 338 2638 464 2712; x_wconf 88' lang='lat' dir='ltr'>proprio</span> <span class='ocrx_word' id='word_1_187' title='bbox 481 2638 621 2713; x_wconf 82' lang='lat' dir='ltr'>quamvis</span> <span class='ocrx_word' id='word_1_188' title='bbox 636 2637 842 2698; x_wconf 88' lang='lat' dir='ltr'>maestissima</span> <span class='ocrx_word' id='word_1_189' title='bbox 856 2651 941 2710; x_wconf 90' lang='lat' dir='ltr'>casu,</span> 
     </span>
     <span class='ocr_line' id='line_1_30' title="bbox 54 2720 738 2796; baseline -0.004 -14"><span class='ocrx_word' id='word_1_190' title='bbox 54 2729 91 2782; x_wconf 72' lang='lat' dir='ltr'>tt)</span> <span class='ocrx_word' id='word_1_191' title='bbox 146 2720 275 2780; x_wconf 88' lang='lat' dir='ltr'>Pectora</span> <span class='ocrx_word' id='word_1_192' title='bbox 289 2736 442 2796; x_wconf 90' lang='lat' dir='ltr'>processu</span> <span class='ocrx_word' id='word_1_193' title='bbox 456 2721 537 2780; x_wconf 89' lang='lat' dir='ltr'>lacta</span> <span class='ocrx_word' id='word_1_194' title='bbox 551 2736 661 2781; x_wconf 88' lang='lat' dir='ltr'>serena</span> <span class='ocrx_word' id='word_1_195' title='bbox 676 2727 738 2780; x_wconf 92' lang='lat' dir='ltr'>tuo.</span> 
     </span>
     <span class='ocr_line' id='line_1_31' title="bbox 103 2803 804 2878; baseline -0.001 -15"><span class='ocrx_word' id='word_1_196' title='bbox 103 2805 170 2864; x_wconf 88' lang='lat' dir='ltr'>Hoc</span> <span class='ocrx_word' id='word_1_197' title='bbox 185 2810 364 2865; x_wconf 90' lang='lat' dir='ltr'>eventurum</span> <span class='ocrx_word' id='word_1_198' title='bbox 379 2804 439 2864; x_wconf 85' lang='lat' dir='ltr'>iarn</span> <span class='ocrx_word' id='word_1_199' title='bbox 454 2812 534 2878; x_wconf 89' lang='lat' dir='ltr'>tuno,</span> <span class='ocrx_word' id='word_1_200' title='bbox 551 2804 717 2878; x_wconf 87' lang='lat' dir='ltr'>carissime,</span> <span class='ocrx_word' id='word_1_201' title='bbox 732 2803 804 2876; x_wconf 89' lang='lat' dir='ltr'>vidi,</span> 
     </span>
     <span class='ocr_line' id='line_1_32' title="bbox 142 2885 873 2950; baseline -0.003 -4"><span class='ocrx_word' id='word_1_202' title='bbox 142 2885 248 2947; x_wconf 84' lang='lat' dir='ltr'>Ferret</span> <span class='ocrx_word' id='word_1_203' title='bbox 263 2888 363 2948; x_wconf 89' lang='lat' dir='ltr'>adhuc</span> <span class='ocrx_word' id='word_1_204' title='bbox 377 2888 466 2948; x_wconf 90' lang='lat' dir='ltr'>istam</span> <span class='ocrx_word' id='word_1_205' title='bbox 482 2904 550 2948; x_wconf 93' lang='lat' dir='ltr'>eum</span> <span class='ocrx_word' id='word_1_206' title='bbox 566 2889 665 2950; x_wconf 91' lang='lat' dir='ltr'>minor</span> <span class='ocrx_word' id='word_1_207' title='bbox 680 2903 754 2947; x_wconf 89' lang='lat' dir='ltr'>aura</span> <span class='ocrx_word' id='word_1_208' title='bbox 768 2894 873 2946; x_wconf 78' lang='lat' dir='ltr'>ratem.</span> 
     </span>
     <span class='ocr_line' id='line_1_33' title="bbox 104 2969 860 3047; baseline 0 -16"><span class='ocrx_word' id='word_1_209' title='bbox 104 2970 177 3031; x_wconf 82' lang='lat' dir='ltr'>Sive</span> <span class='ocrx_word' id='word_1_210' title='bbox 191 2971 319 3047; x_wconf 90' lang='lat' dir='ltr'>aliquod</span> <span class='ocrx_word' id='word_1_211' title='bbox 333 2987 460 3046; x_wconf 89' lang='lat' dir='ltr'>morum,</span> <span class='ocrx_word' id='word_1_212' title='bbox 477 2987 534 3033; x_wconf 86' lang='lat' dir='ltr'>seu</span> <span class='ocrx_word' id='word_1_213' title='bbox 547 2972 629 3031; x_wconf 89' lang='lat' dir='ltr'>vitae</span> <span class='ocrx_word' id='word_1_214' title='bbox 643 2972 712 3032; x_wconf 86' lang='lat' dir='ltr'>labe</span> <span class='ocrx_word' id='word_1_215' title='bbox 728 2969 860 3032; x_wconf 89' lang='lat' dir='ltr'>carentis</span> 
     </span>
     <span class='ocr_line' id='line_1_34' title="bbox 143 3053 819 3130; baseline -0.004 -17"><span class='ocrx_word' id='word_1_216' title='bbox 143 3053 199 3114; x_wconf 82' lang='lat' dir='ltr'>list</span> <span class='ocrx_word' id='word_1_217' title='bbox 212 3056 351 3130; x_wconf 87' lang='lat' dir='ltr'>pretium,</span> <span class='ocrx_word' id='word_1_218' title='bbox 368 3070 456 3115; x_wconf 91' lang='lat' dir='ltr'>nemo</span> <span class='ocrx_word' id='word_1_219' title='bbox 473 3055 570 3129; x_wconf 91' lang='lat' dir='ltr'>pluris</span> <span class='ocrx_word' id='word_1_220' title='bbox 586 3055 733 3114; x_wconf 88' lang='lat' dir='ltr'>emendus</span> <span class='ocrx_word' id='word_1_221' title='bbox 749 3053 819 3113; x_wconf 78' lang='lat' dir='ltr'>erit:</span> 
     </span>
     <span class='ocr_line' id='line_1_35' title="bbox 54 3137 895 3214; baseline 0 -16"><span class='ocrx_word' id='word_1_222' title='bbox 54 3145 88 3198; x_wconf 79' lang='grc'>45</span> <span class='ocrx_word' id='word_1_223' title='bbox 104 3137 177 3198; x_wconf 90' lang='lat' dir='ltr'>Sive</span> <span class='ocrx_word' id='word_1_224' title='bbox 192 3153 250 3213; x_wconf 92' lang='lat' dir='ltr'>per</span> <span class='ocrx_word' id='word_1_225' title='bbox 264 3139 412 3214; x_wconf 83' lang='lat' dir='ltr'>ingenuas</span> <span class='ocrx_word' id='word_1_226' title='bbox 428 3138 537 3214; x_wconf 91' lang='lat' dir='ltr'>aliquis</span> <span class='ocrx_word' id='word_1_227' title='bbox 554 3145 645 3213; x_wconf 88' lang='lat' dir='ltr'>caput</span> <span class='ocrx_word' id='word_1_228' title='bbox 660 3138 767 3199; x_wconf 88' lang='lat' dir='ltr'>extulit</span> <span class='ocrx_word' id='word_1_229' title='bbox 782 3144 895 3200; x_wconf 86' lang='lat' dir='ltr'>artes...</span> 
     </span>
     <span class='ocr_line' id='line_1_36' title="bbox 144 3220 770 3297; baseline -0.005 -16"><span class='ocrx_word' id='word_1_230' title='bbox 144 3220 302 3294; x_wconf 87' lang='lat' dir='ltr'>Quaelibet</span> <span class='ocrx_word' id='word_1_231' title='bbox 317 3222 439 3297; x_wconf 90' lang='lat' dir='ltr'>eloquio</span> <span class='ocrx_word' id='word_1_232' title='bbox 454 3222 489 3281; x_wconf 90' lang='lat' dir='ltr'>lit</span> <span class='ocrx_word' id='word_1_233' title='bbox 501 3220 584 3280; x_wconf 91' lang='lat' dir='ltr'>bona</span> <span class='ocrx_word' id='word_1_234' title='bbox 599 3235 693 3281; x_wconf 90' lang='lat' dir='ltr'>eausa</span> <span class='ocrx_word' id='word_1_235' title='bbox 708 3227 770 3282; x_wconf 93' lang='lat' dir='ltr'>tuo.</span> 
     </span>
     <span class='ocr_line' id='line_1_37' title="bbox 100 3304 793 3381; baseline 0.001 -18"><span class='ocrx_word' id='word_1_236' title='bbox 100 3304 156 3364; x_wconf 87' lang='lat' dir='ltr'>His</span> <span class='ocrx_word' id='word_1_237' title='bbox 172 3319 231 3380; x_wconf 82' lang='lat' dir='ltr'>ego</span> <span class='ocrx_word' id='word_1_238' title='bbox 247 3312 416 3366; x_wconf 92' lang='lat' dir='ltr'>commotus</span> <span class='ocrx_word' id='word_1_239' title='bbox 434 3304 497 3364; x_wconf 87' lang='lat' dir='ltr'>dixi</span> <span class='ocrx_word' id='word_1_240' title='bbox 512 3304 564 3363; x_wconf 90' lang='lat' dir='ltr'>tibi</span> <span class='ocrx_word' id='word_1_241' title='bbox 579 3305 717 3378; x_wconf 90' lang='lat' dir='ltr'>protinus</span> <span class='ocrx_word' id='word_1_242' title='bbox 733 3305 793 3381; x_wconf 93' lang='lat' dir='ltr'>ipsi</span> 
     </span>
     <span class='ocr_line' id='line_1_38' title="bbox 143 3387 860 3463; baseline 0.004 -16"><span class='ocrx_word' id='word_1_243' title='bbox 143 3387 258 3448; x_wconf 82' lang='lat' dir='ltr'>‘Scene</span> <span class='ocrx_word' id='word_1_244' title='bbox 272 3397 373 3450; x_wconf 89' lang='lat' dir='ltr'>manet</span> <span class='ocrx_word' id='word_1_245' title='bbox 388 3390 475 3449; x_wconf 92' lang='lat' dir='ltr'>doles</span> <span class='ocrx_word' id='word_1_246' title='bbox 491 3388 626 3463; x_wconf 73' lang='lat' dir='ltr'>grandis,</span> <span class='ocrx_word' id='word_1_247' title='bbox 643 3390 748 3462; x_wconf 89' lang='lat' dir='ltr'>amice,</span> <span class='ocrx_word' id='word_1_248' title='bbox 767 3394 860 3451; x_wconf 60' lang='lat' dir='ltr'>tuas)</span> 
     </span>
     <span class='ocr_line' id='line_1_39' title="bbox 99 3470 902 3545; baseline 0.004 -14"><span class='ocrx_word' id='word_1_249' title='bbox 99 3470 185 3531; x_wconf 88' lang='lat' dir='ltr'>Haec</span> <span class='ocrx_word' id='word_1_250' title='bbox 202 3471 274 3531; x_wconf 90' lang='lat' dir='ltr'>mihi</span> <span class='ocrx_word' id='word_1_251' title='bbox 289 3489 350 3534; x_wconf 90' lang='lat' dir='ltr'>non</span> <span class='ocrx_word' id='word_1_252' title='bbox 366 3473 468 3534; x_wconf 90' lang='lat' dir='ltr'>ovium</span> <span class='ocrx_word' id='word_1_253' title='bbox 485 3471 580 3534; x_wconf 83' lang='lat' dir='ltr'>librae</span> <span class='ocrx_word' id='word_1_254' title='bbox 595 3474 765 3534; x_wconf 89' lang='lat' dir='ltr'>tonitrusve</span> <span class='ocrx_word' id='word_1_255' title='bbox 780 3472 902 3545; x_wconf 87' lang='lat' dir='ltr'>sinistri,</span> 
     </span>
     <span class='ocr_line' id='line_1_40' title="bbox 56 3554 818 3615; baseline 0.004 -3"><span class='ocrx_word' id='word_1_256' title='bbox 56 3568 134 3612; x_wconf 79' lang='lat' dir='ltr'>otuu.</span> <span class='ocrx_word' id='word_1_257' title='bbox 158 3554 208 3612; x_wconf 91' lang='lat' dir='ltr'>lll.</span> <span class='ocrx_word' id='word_1_258' title='bbox 224 3603 229 3613; x_wconf 87' lang='lat'>.</span> <span class='ocrx_word' id='word_1_259' title='bbox 801 3565 818 3615; x_wconf 76' lang='lat' dir='ltr'>a</span> 
     </span>
    </p>
   </div>
   <div class='ocr_carea' id='block_1_3' title="bbox 0 0 1164 3960">
    <p class='ocr_par' dir='ltr' id='par_1_4' title="bbox 0 0 1164 3960">
     <span class='ocr_line' id='line_1_41' title="bbox 0 0 1164 3960; baseline 0 0"><span class='ocrx_word' id='word_1_260' title='bbox 0 0 1164 3960; x_wconf 95' lang='lat' dir='ltr'> </span> 
     </span>
    </p>
   </div>
  </div>
 </body>
</html>
