2318 3960
381 215 432 290 tv,
452 215 481 289 a
504 213 618 290 εε-ε,
641 213 692 276 aa.

63 379 98 432 aa
109 368 147 428 m
163 365 287 426 veniunt
301 373 415 439 aestus,
439 374 468 426 et
483 383 546 427 nox
561 367 700 427 inmensa
716 366 843 444 videtur,

150 451 310 526 Fessaque
326 451 426 510 iactati
442 452 583 526 eorporis
600 466 674 511 ossa
689 451 813 511 dolente

110 535 177 595 Nan
192 532 337 609 equidem
353 533 467 609 dubito,
490 536 562 610 quin
578 534 655 594 haec
670 539 701 594 et
715 540 816 594 cetera
831 534 913 609 flant

150 619 270 692 Detque
284 623 353 678 tuus
368 619 476 678 maesti
492 619 581 692 signa
597 617 712 678 doloris
728 633 823 690 amor,

110 702 173 761 Nee
189 700 323 762 cruciere
338 701 447 775 minus,
472 719 563 777 quam
579 717 647 763 cum
663 701 807 762 Thebana
822 710 978 764 cruentum

63 792 99 846 30
150 785 283 845 Hectora
297 785 476 845 Thessalico
493 787 568 847 vidit
582 787 620 846 ab
635 801 694 846 axe
709 788 786 861 rapi.

110 868 189 942 Quid
204 874 305 928 tamen
318 869 387 943 ipse
402 884 520 944 precer,
542 870 656 932 dubito.
693 885 750 930 nec
765 871 868 931 dicere
883 883 1020 948 pessum

149 949 301 1011 Affectum
318 968 408 1027 quem
423 959 453 1013 te
469 954 578 1014 mentis
594 954 708 1014 habere
723 952 822 1014 veiim.

109 1035 215 1095 Tristis
230 1042 286 1095 est
307 1035 457 1111 indignor,
483 1038 566 1112 quod
582 1054 649 1098 sum
665 1037 717 1098 tibi
733 1053 827 1098 eausa
842 1035 977 1100 doloris=

150 1119 218 1179 Non
233 1125 289 1179 est
315 1126 346 1180 at
359 1121 474 1180 amisso
491 1122 622 1196 coniuge
637 1122 737 1196 digna,
761 1122 855 1183 iores.

64 1212 98 1267 35
109 1204 154 1262 Tu
169 1218 242 1262 vero
258 1209 310 1263 tua
325 1204 436 1264 damna
451 1205 530 1280 dole,
551 1206 710 1265 mitissima
725 1205 867 1277 coniunx,

150 1286 281 1361 Tempus
298 1294 327 1346 et
341 1303 360 1346 a
374 1288 487 1348 nostris
504 1288 593 1363 exige
608 1289 694 1349 triste
708 1288 805 1363 malis,

109 1369 224 1445 Fleque
238 1385 325 1430 meos
341 1386 442 1430 casus.
475 1380 522 1432 est
537 1372 687 1446 quaedam
702 1371 778 1432 flere
793 1374 938 1448 voluptas

149 1453 296 1529 Expletur
310 1454 442 1514 lacrimis
459 1455 653 1535 egeriturque
668 1457 765 1517 dolor.

110 1539 212 1612 Atque
225 1537 338 1598 utinam
353 1538 487 1613 lugenda
501 1539 553 1599 tibi
569 1555 631 1599 non
647 1540 718 1614 vita,
739 1540 795 1599 sed
810 1550 893 1600 esset

66 1626 102 1680 40
157 1621 241 1693 Mors
256 1637 332 1694 mea,
353 1629 450 1682 morte
465 1624 548 1683 iores
565 1627 633 1683 sela
646 1623 751 1683 relicta
765 1632 847 1683 meat

109 1702 239 1780 Spiritus
254 1704 305 1766 hic
320 1721 376 1780 per
391 1713 421 1766 te
437 1706 550 1780 patrias
567 1707 683 1767 exisset
698 1706 729 1766 in
743 1723 843 1780 auras,

151 1787 504 1868 Sparsissenthcrimae
519 1797 645 1866 pectora
660 1798 765 1852 nostra
779 1793 857 1866 piae.

109 1872 323 1949 Supremoque
338 1873 388 1932 die
403 1881 507 1935 notum
523 1875 693 1950 spectantia
712 1875 828 1935 caelum

149 1957 311 2018 Texissent
325 1957 409 2032 digiti
424 1958 539 2018 lumina
551 1964 657 2018 nostra
670 1959 722 2031 tui,

59 2050 94 2102 46
106 2039 144 2100 m
158 2039 234 2102 cinis
249 2041 279 2101 in
294 2042 407 2102 tumulo
423 2042 543 2117 positus
558 2041 704 2101 iacuisset
718 2039 810 2113 avito,

148 2124 301 2200 Tactaque
316 2126 454 2186 nascenti
470 2142 583 2200 corpus
598 2125 725 2185 haberet
738 2124 856 2186 humus.

107 2209 246 2283 Denique
262 2208 332 2269 dum
350 2210 412 2268 vixi
427 2210 493 2269 sine
510 2209 642 2282 crimine,
666 2214 802 2268 mortuus
818 2223 928 2274 essem„
1013 2206 1017 2214 '

147 2292 210 2352 Nec
224 2308 293 2352 mea
308 2293 459 2368 supplicio
476 2293 537 2352 vita
551 2292 697 2368 pudenda
712 2293 798 2352 foret.

107 2376 157 2436 Me
171 2375 331 2451 miserum,
353 2378 380 2437 si
395 2384 436 2451 tu,
459 2393 528 2437 eum
542 2376 654 2436 diceris
670 2376 768 2436 exulis
783 2391 869 2451 uxor,

58 2475 96 2527 50
145 2460 268 2521 Avertis
283 2461 384 2521 vultus
401 2468 430 2522 et
444 2461 525 2522 subit
540 2477 594 2521 ora
606 2460 715 2521 rubort

106 2543 157 2603 Me
171 2544 324 2618 miserum,
339 2545 374 2604 'si
389 2551 478 2620 turpe
493 2552 584 2620 putas
600 2543 673 2603 mihi
689 2550 784 2619 nupta
798 2543 896 2605 videri

148 2627 199 2687 Me
212 2627 366 2700 miserum,
391 2629 417 2689 si
432 2635 461 2688 te
476 2628 536 2688 iam
550 2628 646 2704 pudet
662 2643 732 2688 esse
747 2635 861 2687 meam!

106 2713 239 2787 Tempus
254 2711 305 2770 ubi
321 2718 368 2790 est
382 2712 465 2785 illud,
490 2728 550 2786 quo
566 2718 596 2771 te
610 2713 723 2771 iactare
738 2711 862 2770 solebas

150 2795 293 2870 coniuge,
317 2811 375 2857 nee
390 2811 501 2867 nemen
516 2795 708 2856 dissimulare
721 2794 801 2854 virit

56 2886 93 2943 55
104 2880 238 2954 Tempus
253 2880 305 2940 ubi
321 2886 383 2954 est,
408 2896 469 2955 quo
482 2885 512 2941 te
566 2879 624 2938 nisi
639 2894 699 2938 non
715 2879 762 2938 vis
777 2877 827 2936 iila
842 2877 986 2938 referri...

148 2962 187 3023 m
200 2963 269 3036 diei,
291 2964 422 3039 memini,
446 2965 520 3024 iuvit
535 2969 565 3022 et
580 2978 651 3022 esse
666 2968 785 3022 meamt

105 3046 208 3122 thue
223 3046 340 3122 probae
356 3048 480 3123 dignum
496 3053 551 3121 est,
574 3046 655 3106 omni
671 3045 724 3107 tibi
740 3047 811 3105 dote
826 3045 998 3120 placebam

145 3130 288 3191 Addebat
303 3132 384 3191 veris
400 3132 493 3192 muita
508 3131 639 3190 faventis
655 3146 749 3190 amor.

106 3215 177 3288 Nec,
196 3230 286 3289 quem
299 3216 506 3291 praeferres...
521 3215 563 3277 ita
578 3230 628 3274 res
644 3213 698 3274 tibi
713 3229 823 3288 magna
840 3213 1002 3274 videbar...

56 3305 96 3362 60
148 3296 306 3373 Quemque
320 3305 405 3361 tuum
419 3299 525 3360 malles
541 3311 621 3371 esse,
644 3297 692 3356 vir
706 3298 781 3358 alter
795 3308 868 3359 erat.

107 3381 192 3442 Nunc
210 3398 334 3457 quoque
348 3399 387 3442 ne
401 3383 522 3459 pudeat,
540 3383 624 3457 quod
639 3382 682 3444 sis
698 3381 769 3442 mihi
785 3389 888 3458 nupta
909 3387 1040 3456 tuusque

147 3462 214 3525 Non
234 3465 325 3527 debet
339 3465 428 3529 dolor
442 3466 527 3540 hinc,
553 3465 644 3527 debet
661 3465 772 3528 abesse
786 3466 896 3540 pudor.
