2318 3960
410 221 461 292 ιν,
485 220 513 293 1,
536 219 651 298 oa-a
673 219 725 282 or.

179 371 341 434 Terribiles
357 371 424 431 aliis
439 370 685 448 inmemoresque
699 372 758 434 sui.

91 457 273 533 abonorum
288 471 361 532 pars
376 469 489 516 causas
506 461 537 514 et
550 472 601 517 rea
616 463 646 517 et
659 455 785 519 nomina
799 462 938 531 quaeret·

179 541 253 600 Pars
268 540 388 612 releret
412 540 554 613 quamvis
569 542 689 603 noverit
703 543 772 617 ipsa
786 555 905 616 parum.

136 627 214 699 ‘Hic
239 623 291 700 qui
306 623 434 684 Sidonio
450 623 545 697 fulget
558 625 697 686 sublimis
712 627 742 686 in
759 633 853 700 ostro,

176 711 245 769 Dux
261 708 359 768 luerat
371 706 453 767 belli.
483 708 641 782 proximus
656 710 707 771 illo
723 710 803 771 duci.

136 794 202 866 llic,
226 791 279 868 qui
293 806 375 852 nunc
389 790 420 851 in
435 790 528 851 humo
543 792 644 853 lumen
658 794 832 855 miserabile
846 793 919 871 figit,

94 889 130 943 ao
183 877 249 936 Non
265 876 324 936 isto
340 875 426 936 vultu
440 890 508 934 cum
522 876 589 937 tulit
602 892 695 952 arma,
716 879 782 938 luit.

136 962 191 1021 Ille
205 961 302 1033 ferox,
327 960 424 1020 oerdis
438 965 470 1019 et
484 959 586 1021 adhuc
599 960 763 1023 hostilibus
777 961 899 1038 ardens,

147 1112 152 1124 s
176 1045 320 1105 Hortator
334 1059 457 1119 pugnae
472 1043 694 1122 consiliumque
708 1046 772 1107 luit.

135 1128 274 1190 Peridus
289 1127 340 1188 hic
353 1134 478 1188 nostros
492 1128 614 1190 inclusit
628 1130 736 1192 liaude
750 1132 896 1206 locorum,

178 1211 327 1289 Squalida
341 1212 485 1272 demissis
500 1213 552 1288 qui
563 1214 637 1290 tegit
650 1230 705 1275 ora
718 1214 824 1275 comis.

93 1301 127 1357 35
138 1297 202 1372 Illo,
222 1296 435 1372 misequitur,
458 1295 562 1357 dicunt
574 1304 706 1358 mactata
719 1297 856 1358 ministro

180 1379 283 1455 Saepe
296 1379 450 1440 recusanti
466 1395 598 1457 corpora
612 1388 703 1458 capta
717 1382 786 1442 deo.

136 1465 193 1524 llic
208 1466 303 1538 lacus,
322 1463 354 1523 hi
369 1470 497 1537 montes,
516 1465 594 1527 haec
606 1473 652 1527 tot
666 1467 799 1541 castella,
821 1472 866 1526 tot
879 1479 984 1524 amnes

177 1548 271 1608 Plena
285 1549 369 1608 ierac
384 1548 499 1622 caedis
521 1551 614 1625 plena
628 1551 745 1610 cruoris
759 1556 854 1614 erant.

136 1633 255 1694 Drusus
270 1632 301 1691 in
315 1631 364 1692 his
378 1633 488 1692 menrit
502 1634 657 1709 quondam
672 1633 856 1709 cognomina
866 1631 965 1706 terris,

90 1725 126 1781 40
177 1716 261 1791 Quae
274 1715 359 1777 bone
370 1719 544 1793 progenies,
566 1717 660 1794 digna
673 1724 809 1793 parente,
832 1716 907 1779 tulit.

136 1799 285 1861 cornibus
300 1799 351 1859 hic
365 1801 468 1860 lraotla
481 1802 571 1862 viridi
585 1803 666 1862 male
678 1808 777 1862 tectus
792 1802 830 1862 ab
844 1802 925 1873 ulva,

176 1885 309 1945 Decolor
322 1884 393 1960 ipse
407 1899 464 1944 suo
480 1885 631 1960 sanguine
644 1885 773 1946 Rhenus
784 1893 858 1946 erat.

136 1967 276 2029 Crinibus
291 1983 330 2028 cn
346 1967 436 2028 etiam
451 1970 548 2029 lenur
560 1967 722 2029 Germania
735 1970 848 2043 passis,

175 2052 215 2113 Et
228 2052 317 2112 ducis
330 2051 433 2112 invicti
449 2052 507 2113 sub
521 2052 603 2128 pede
617 2057 735 2112 maesta
749 2053 846 2127 sedet,

90 2142 124 2198 le
137 2136 283 2211 collaque
296 2136 454 2196 Romanae
468 2135 621 2211 praebens
637 2135 776 2197 animosa
790 2137 890 2197 securi

173 2220 306 2280 Vincula
320 2220 378 2280 lert
390 2220 450 2292 illa,
474 2235 537 2296 qua
550 2221 616 2282 tulit
629 2236 723 2296 arma,
743 2224 859 2282 manu?

132 2304 199 2366 llos
213 2317 307 2379 super
321 2303 352 2362 in
366 2319 468 2378 curru,
491 2305 752 2379 coascendere
769 2305 891 2365 veheris

174 2389 350 2464 Purpureus
365 2388 472 2463 populi
486 2389 544 2448 rite
559 2404 615 2465 por
628 2404 683 2450 ora
696 2389 754 2448 tria

134 2472 262 2548 Quaque
275 2471 344 2544 ibis,
366 2470 508 2532 manibus
524 2472 786 2548 circumplaudere
800 2479 931 2545 tuorum

88 2571 126 2623 so
177 2556 321 2630 Undique
336 2556 446 2615 iactato
461 2554 540 2617 ilore
552 2563 674 2631 tegerano
686 2557 765 2616 vias.

132 2643 284 2715 Tempora
297 2639 440 2700 Phoebea
454 2641 540 2700 lauro
556 2641 722 2714 cingentur,
743 2640 871 2716 ‘lo’qoe

173 2724 271 2796 Miles,
294 2724 362 2797 ‘lo‚¹
384 2739 495 2799 magna
509 2738 597 2797 voco,
617 2722 804 2798 ‘Triumphe’
821 2731 918 2783 canen.

131 2809 204 2883 lpse
219 2823 298 2868 sono
313 2808 486 2883 plausuque
501 2807 590 2868 simul
605 2806 787 2882 fremituque
801 2807 935 2868 calentes

174 2891 377 2967 Quadriiugos
392 2906 501 2951 cernes
515 2905 611 2968 saepe
623 2891 769 2952 resistere
781 2904 890 2967 equos.

88 2985 124 3037 55
136 2976 212 3036 lnde
225 2982 439 3052 petenensem,
462 2975 590 3037 delubra
604 2975 738 3036 faventia
752 2975 843 3049 votis,

173 3060 211 3119 Et
224 3059 347 3120 dabitur
360 3058 468 3122 merito
482 3060 587 3120 laurea
600 3067 674 3120 vota
688 3060 763 3120 lori.

131 3143 215 3204 llaec
230 3157 288 3219 ego
305 3150 486 3219 summotus,
507 3159 568 3219 qua
582 3159 720 3219 possum,
741 3149 842 3202 rente
856 3140 985 3205 videbo·

171 3228 276 3304 Erepti
290 3226 381 3289 nobis
396 3228 444 3288 ius
459 3226 551 3288 babet
564 3227 617 3287 illo
630 3227 700 3289 loci.

130 3312 186 3372 llla
199 3326 257 3387 per
268 3312 426 3373 inmensae
444 3312 593 3387 spatiatur
606 3309 702 3372 libera
715 3317 822 3385 terrae,

88 3398 125 3453 60
177 3395 211 3456 ln
227 3395 345 3457 eaelum
361 3396 452 3457 celeri
467 3395 606 3471 pervenit
620 3394 746 3456 illaria.

131 3477 185 3540 llla
199 3494 286 3541 meos
302 3479 410 3542 oeulos
425 3479 556 3541 mediam
572 3479 705 3540 deducet
717 3478 749 3538 in
763 3476 885 3546 Urbem:
