2318 3960
100 222 161 287 288
476 223 500 282 F
506 221 728 283 astotttttt

225 384 285 435 000
301 390 413 434 curvae
427 374 530 448 taleis,
548 373 614 434 sive
629 371 761 434 bidentis
776 378 850 433 0001.

117 466 168 521 605
182 458 265 518 11000
279 458 371 518 modo
387 455 528 518 verrebat
542 462 670 518 stantem
684 455 805 516 tibicine
818 453 934 532 villam,

221 541 306 602 Nunc
320 541 423 601 matris
437 540 550 616 plumis
566 556 625 600 ova
640 539 772 601 fovenda
787 537 893 598 dabat:

182 627 244 686 Aut
259 623 372 684 virides
388 624 520 699 malvas,
543 630 595 685 aut
608 624 719 699 iungos
734 621 848 697 colligit
862 620 963 696 albos,

221 710 283 768 Aut
297 706 439 768 humilem
454 713 540 783 grato
556 706 675 768 calfacit
689 705 760 782 igne
774 705 885 765 locum.

181 791 218 850 Et
232 797 331 850 tannen
346 791 481 851 assiduis
496 797 618 850 exercet
631 787 775 850 bracchia
788 788 867 861 telis,

114 881 166 937 700
219 874 443 949 Adversusque
457 873 554 933 minas
570 873 689 948 lrigoris
704 888 789 931 amm
803 876 899 946 parat.

181 956 275 1016 Filius
291 955 381 1017 huius
399 965 463 1016 0001
478 957 574 1032 primo
588 956 722 1017 lascivus
737 954 767 1013 in
782 968 870 1028 aevo,

222 1038 453 1114 addideratque
468 1055 566 1101 annos
581 1039 620 1099 ad
636 1039 697 1100 duo
711 1038 808 1099 lustra
823 1037 911 1098 duos.

181 1124 211 1183 is
226 1122 309 1199 capit
322 1124 447 1183 extremi
462 1123 585 1199 volpem
601 1121 740 1183 convalle
754 1119 868 1181 salicti:
908 1165 916 1177 ,

220 1204 396 1266 Abstulerat
410 1208 518 1269 multas
533 1206 585 1266 illa
599 1205 732 1267 cohortis
747 1219 832 1264 aves.

112 1295 164 1352 705
179 1289 336 1363 Captivam
350 1290 462 1365 stipula
477 1291 630 1364 loenoque
645 1287 779 1360 involvit
803 1294 834 1347 et
847 1286 934 1362 ignes

220 1373 382 1433 Admovet.
414 1381 537 1434 urentes
553 1370 658 1448 elingit
672 1372 723 1431 illa
737 1387 855 1430 manus.

181 1454 245 1528 Qua
260 1455 349 1531 fugit,
364 1456 497 1516 incendit
512 1455 638 1516 vestitos
653 1454 806 1516 messibus
821 1468 930 1529 agrosa

221 1538 383 1600 Damnosis
398 1538 480 1600 vires
495 1538 616 1615 ignibus
632 1555 707 1599 aura
721 1537 821 1599 dabat.

179 1620 410 1695 declamabit,
440 1624 623 1683 monimenta
651 1627 782 1681 manent.
825 1635 958 1696 namque
984 1620 1068 1684 10000

520 1759 529 1777 ,
674 1723 678 1731 ·
814 1709 935 1778 captam
1027 1739 1070 1750 -

112 1796 166 1852 710
219 1787 304 1848 Nunc
321 1803 444 1863 queque
458 1789 508 1849 lex
523 1789 645 1864 volpem
664 1787 848 1849 Carseolana
862 1791 967 1859 vetat!

179 1870 279 1945 thue
295 1871 358 1932 luat
371 1887 489 1947 000000
505 1888 581 1948 gens
596 1871 687 1944 haee,
705 1869 869 1932 Cerialibus
885 1869 986 1932 ardeia

218 1952 346 2030 Quoque
361 1955 453 2016 modo
469 1962 590 2031 segetes
607 1954 746 2031 perdidit,
763 1953 831 2030 ipsa
846 1952 932 2028 perit.

532 2088 583 2150 20.
605 2088 659 2148 FN

177 2205 318 2265 Proxima
336 2221 404 2265 eum
418 2207 518 2266 veniet
532 2213 627 2266 terras
643 2205 747 2267 visura
763 2212 901 2282 patentes

217 2288 386 2348 Memnonis
402 2287 431 2348 in
446 2289 546 2350 roseis
562 2289 643 2350 10100
658 2297 754 2350 mater
768 2291 865 2365 00010,

110 2379 160 2434 715
175 2371 220 2430 110
235 2371 313 2431 duee
328 2370 454 2446 lanigeri
466 2372 603 2447 pecoris,
619 2372 671 2448 qui
687 2372 822 2448 prodidit
834 2373 950 2448 Hellen,

215 2454 268 2514 Sol
283 2453 354 2515 abit.
384 2468 511 2529 egresso
527 2454 649 2516 victima
663 2457 760 2517 maior
774 2457 872 2517 adest.

174 2540 277 2597 Vacca
292 2537 384 2597 sitan
398 2544 512 2613 100000,
533 2555 594 2600 000
609 2544 656 2599 001
670 2554 859 2614 cognoscere
873 2547 1049 2617 promptum

214 2621 287 2681 Pars
303 2619 387 2696 prior
402 2628 542 2696 apparet,
559 2621 729 2698 posteriora
743 2623 844 2682 latent.

175 2703 235 2765 Seu
250 2713 349 2764 100000
364 2710 412 2765 001
424 2711 543 2780 100000,
567 2705 634 2765 sive
648 2712 697 2766 est
709 2705 769 2765 boc
784 2705 895 2766 femina
910 2706 1041 2782 signum,

106 2795 158 2850 710
210 2789 325 2848 100000
340 2788 432 2848 invita
446 2804 555 2849 munus
571 2788 682 2848 amoris
697 2788 797 2848 habet.

456 2920 507 2983 21.
531 2922 725 2980 Grau-tt>

172 3036 340 3111 iterabit,
364 3038 520 3121 oriturque
533 3055 652 3100 aurora.
681 3038 790 3098 Parilia
804 3053 927 3114 poscor.
996 3095 997 3098 ,

212 3119 279 3180 Non
295 3135 409 3195 poscor
423 3121 548 3196 trustra,
564 3123 590 3182 si
608 3122 688 3182 lavet
703 3122 781 3181 alma
794 3120 893 3182 Pales.

170 3203 260 3264 Alma
274 3202 377 3277 Pales,
400 3205 505 3266 laveas
520 3205 657 3280 pastoria
671 3220 760 3265 sacra
775 3206 903 3280 canenti,

211 3283 385 3361 Prosequor
399 3288 502 3350 cilicio
518 3288 543 3348 si
558 3294 610 3349 tua
626 3288 704 3349 iesta
719 3287 781 3363 plo.

105 3374 156 3430 715
172 3369 258 3428 certe
272 3385 329 3444 ego
345 3370 385 3431 de
399 3372 492 3433 vitulo
507 3371 638 3433 cinerem
654 3371 843 3447 stipulasque
857 3370 967 3434 fabalis

209 3450 309 3528 Saepe
323 3453 376 3513 tuli
391 3457 495 3532 01000,
518 3456 624 3517 101000
639 3461 736 3529 00010,
759 3470 859 3514 manu.
