2318 3960
406 243 462 316 111,
485 241 664 308 tle-bea

152 396 254 468 pout,
271 403 301 455 et
316 395 469 458 accunbit
482 413 551 458 cum
567 411 641 471 pare
657 396 789 474 quisque
804 415 870 460 sua.

111 480 176 542 Sub
190 480 264 543 love
278 495 352 555 pars
366 480 464 541 durat
491 480 582 556 pauci
595 481 725 542 tentoria
738 491 870 558 ponunt2

153 563 231 625 Sunt
245 562 357 638 qulbus
374 565 499 625 eremis
514 563 644 625 frondea
658 565 739 627 lacta
752 582 826 628 casa
840 574 902 627 este

110 647 185 708 Pars
199 647 252 708 ubi
267 663 324 722 pro
338 648 446 723 rigidis
466 649 602 711 calamos
617 654 750 711 statuere
765 652 923 723 columnis,

64 739 97 794 30
154 733 295 807 Desuper
308 738 447 795 extentus
462 732 637 809 imposuere
650 740 750 808 togas.

111 815 184 878 Sola
199 824 300 877 tamen
319 815 455 891 vinaque
469 817 581 888 calent,
599 832 761 894 annosque
776 826 946 895 precantur,

152 900 231 974 Quot
245 906 367 961 sumant
385 899 532 978 cyathos,
552 900 592 961 ad
608 917 830 976 numerumque
842 903 959 965 bibunt.

109 985 252 1046 invenies
267 983 343 1059 illic,
361 984 413 1061 qui
428 985 566 1046 Nestoris
581 985 684 1045 ebibat
698 1002 806 1061 annos,

152 1069 237 1143 Quae
251 1069 292 1129 sit
305 1083 362 1145 per
375 1069 489 1130 calices
504 1069 585 1130 laeta
599 1067 719 1146 Sibylla
733 1086 818 1131 suos.

63 1153 96 1209 te
111 1152 177 1212 lllic
192 1160 223 1214 et
238 1158 374 1228 cautam,
390 1153 537 1228 quicquid
551 1152 687 1213 didicere
699 1153 835 1230 theatris,

151 1236 189 1296 Et
200 1237 314 1297 iactant
327 1237 433 1298 faciles
448 1237 488 1298 ad
503 1252 561 1298 sua
575 1236 670 1297 verba
683 1253 806 1298 mannes

109 1321 147 1379 Et
162 1321 278 1382 ducunt
292 1320 394 1396 posito
409 1322 503 1382 duras
520 1327 637 1381 cratere
652 1320 794 1399 choreae,

152 1404 301 1480 Cultaque
316 1403 439 1466 diilttsis
454 1406 544 1465 saltat
558 1404 657 1465 amice
673 1406 779 1466 comis.

110 1489 184 1548 Cum
198 1489 342 1562 redeunt,
358 1489 486 1550 titubant
499 1497 531 1550 et
544 1496 617 1549 sunt
630 1491 808 1564 spectacula
822 1488 914 1565 volgi,

62 1580 95 1634 ta
151 1573 190 1634 Et
203 1573 372 1634 fortunatos
388 1573 482 1633 obvia
494 1571 584 1633 turba
597 1579 697 1633 vocat

110 1655 237 1718 Occurri
252 1672 360 1732 nuper.
388 1658 457 1717 visa
471 1664 520 1718 est
532 1656 606 1716 mihi
620 1656 713 1732 digna
726 1657 824 1717 relatu

148 1740 273 1816 Pompa.
303 1756 409 1801 senem
424 1747 529 1817 putum
545 1747 620 1816 peta
633 1739 773 1801 trahebat
787 1757 874 1801 anus.

109 1824 193 1896 Quae
208 1831 308 1885 tamen
326 1823 404 1885 haec
419 1825 478 1885 dea
491 1825 546 1898 sit,
562 1825 708 1900 queniam
723 1823 894 1886 rumoribus
911 1831 1000 1901 errat,

147 1908 264 1969 Fabula
277 1909 439 1984 proposito
459 1908 543 1969 nulla
554 1908 687 1968 tacenda
699 1921 779 1969 meo.

61 1994 95 2048 ts
109 1995 238 2052 Arsernt
250 1993 376 2054 Aeneae
391 1992 470 2053 Dido
486 1991 669 2053 miserabilis
684 1991 764 2067 igne,

150 2078 279 2137 Auserat
293 2077 458 2137 exstructis
471 2076 503 2137 in
517 2092 575 2136 sua
589 2075 650 2135 iata
663 2075 763 2150 ragis:

110 2159 368 2234 compositusque
384 2159 477 2235 cinis,
491 2159 661 2234 tumulique
675 2159 705 2219 in
719 2172 871 2218 marmore
886 2173 1007 2218 carmen

148 2244 215 2303 Hoc
231 2244 339 2315 breve,
361 2245 446 2319 quod
461 2244 595 2305 moriens
609 2244 679 2318 ipsa
692 2241 829 2319 reliquit,
844 2249 925 2302 erata

107 2341 947 2388 rannemundus-er·unusual-nonrls·er·ultsust

59 2421 95 2474 50
151 2427 220 2471 rrsa
231 2441 238 2457 ·
250 2427 307 2472 sun
318 2426 407 2470 ·n1n0
418 2439 425 2455 ·
437 2427 591 2471 concrum·
601 2427 661 2471 usn
671 2441 679 2456 ·
690 2427 774 2470 manu

107 2495 249 2555 Protinus
264 2495 412 2555 invadunt
425 2495 574 2556 Numidae
589 2495 656 2555 sine
670 2495 793 2556 vindice
806 2509 943 2570 regnum,

149 2580 188 2639 Et
202 2579 316 2654 potitur
335 2585 426 2655 capta
438 2578 564 2638 Maurus
579 2577 668 2638 larba
684 2580 786 2639 domo.

109 2663 487 2739 Sequememarspretum
500 2662 665 2724 ‘Thalamis
673 2667 785 2722 tamen’
797 2661 895 2736 inquit
908 2661 1041 2722 ‘Elissae

148 2747 195 2806 En
210 2763 283 2822 ago,
299 2763 392 2823 quem
405 2747 517 2807 totlens
532 2746 665 2821 reppulit
679 2746 745 2820 illa,
761 2747 867 2806 fruor?

59 2847 93 2898 55
109 2828 277 2906 Diffugiunt
290 2831 387 2909 Tyrii,
409 2845 470 2905 quo
486 2844 639 2905 quemque
655 2830 826 2905 agitemur.
857 2836 890 2889 ut
905 2829 974 2888 olim

150 2914 275 2975 Amisso
290 2914 404 2975 dubiae
418 2929 493 2989 rege
507 2918 658 2988 vagantur
671 2929 758 2989 apes.

108 2998 208 3059 Tertia
222 2999 384 3058 nudandas
400 3004 562 3073 acceperat
576 3012 649 3057 area
662 3012 792 3068 messes,

149 3083 246 3157 lnque
261 3098 356 3144 cavos
370 3082 468 3142 ierant
481 3082 569 3142 tertia
581 3088 683 3142 musta
697 3081 799 3140 lacus:

107 3165 230 3226 Pellitur
242 3167 334 3227 Anna
348 3167 455 3240 domo,
472 3165 698 3240 lacrimansque
714 3163 834 3225 sororia
847 3161 955 3237 linquit

57 3257 97 3310 ibe
151 3250 284 3310 Moenia.
312 3264 477 3327 germanae
491 3249 572 3311 iusta
585 3251 638 3310 dat
651 3256 721 3309 ante
738 3263 822 3309 suae.

107 3333 202 3394 lllixta
216 3334 322 3396 bibunt
340 3335 449 3395 molles
464 3334 596 3395 lacrimis
616 3339 771 3409 unguenta
784 3329 915 3400 favillae,

149 3417 273 3479 Vertice
288 3419 397 3481 libatas
412 3418 629 3495 accipiuntque
644 3433 759 3480 comas.

109 3502 230 3578 Terque
244 3503 364 3565 ‘Valet'
380 3502 608 3578 dixit‚,cineres
623 3511 669 3564 ter
684 3501 725 3563 ad
740 3500 927 3644 artificiales
