2318 3960
99 222 161 288 224
486 219 742 283 Fastorum

119 388 168 439 105
183 378 262 438 liant
275 373 410 447 veniam,
434 373 596 449 ridentque
609 390 736 434 moram.
771 373 858 450 Capit
872 371 924 434 illc
936 389 1099 452 eoronam,

224 461 307 534 Quae
326 459 428 536 possit
441 461 556 532 crines,
576 456 714 531 Phoebe,
737 457 848 517 decere
863 464 952 520 tuost

181 545 324 606 Induerat
337 544 430 623 Tyrio
448 542 497 604 bis
512 543 635 602 tinctam
649 541 764 601 murice
779 541 906 617 pallam:

221 628 366 689 Reddidit
379 627 439 687 icta
453 641 527 687 suos
542 625 653 700 pollice
671 625 789 685 chorda
807 640 922 697 sonos,

180 711 346 772 Flebilibus
360 711 494 771 numeris
510 708 603 768 veluti
618 709 758 768 canentia
773 710 850 769 dura

117 805 165 855 110
221 796 377 855 Traiectus
394 795 488 869 pinna
502 801 642 869 tempora
657 800 759 853 cantat
774 793 849 853 olor.

181 878 320 938 Protinus
334 879 364 937 in
381 879 499 937 medias
515 884 640 940 ornatus
656 876 758 937 desilit
772 877 884 937 undas.
925 887 926 891 ’

224 962 384 1038 Spargitur
397 963 529 1036 impulsa
549 962 671 1021 caerula
685 961 799 1036 puppis
815 975 906 1034 aqua.

181 1046 286 1105 Inde...
304 1047 365 1106 tide
381 1046 511 1106 maius...
529 1051 615 1120 tergo
631 1044 777 1120 delphina
790 1057 921 1104 recurvo

223 1130 263 1190 Se
277 1136 446 1190 memorant
460 1129 546 1190 oneri
561 1128 768 1205 subposuisse
782 1143 875 1188 novo.

113 1213 230 1274 1151111
246 1215 359 1274 sedens
375 1214 583 1288 citharamque
597 1219 693 1286 tenet,
713 1212 905 1288 pretiumque
919 1211 1062 1286 vehendi,

222 1299 327 1358 Cantat
343 1305 373 1358 et
387 1312 559 1372 aequoreas
575 1298 708 1356 carmine
723 1297 837 1357 mulcet
850 1311 959 1371 aquas

179 1382 216 1443 Di
232 1382 282 1456 pia
298 1382 378 1442 lacta
392 1381 506 1441 vident.
543 1381 634 1441 astris
650 1380 795 1457 delphina
808 1379 925 1456 recepit

218 1466 367 1542 luppiter,
388 1472 419 1526 et
433 1466 538 1526 stellas
553 1464 643 1526 iussit
656 1464 771 1525 habere
785 1480 906 1526 novem.

502 1598 531 1662 5.
561 1599 701 1660 DNON

179 1715 264 1776 Nunc
276 1715 348 1776 milri
362 1715 443 1775 mille
454 1731 560 1790 sonos,
573 1730 698 1790 quoque
712 1721 761 1776 est
771 1722 956 1777 memoratus
964 1713 1103 1780 Achilles

115 1809 165 1861 lac
219 1800 351 1873 Vellem,
373 1799 549 1873 Maeoniae,
572 1806 680 1875 pectus
696 1799 799 1859 inesse
814 1805 907 1873 tuum,

180 1885 259 1944 Dum
275 1884 412 1944 canimus
427 1899 534 1944 sacras
552 1885 668 1943 alterno
685 1883 806 1958 pectine
820 1882 935 1944 Nonas.

220 1967 372 2028 Maximus
387 1968 437 2028 hic
453 1968 540 2029 lastis
558 1969 765 2028 accumulatur
779 1967 890 2027 honos.

180 2051 289 2111 Deficit
307 2052 475 2128 ingenium,
495 2052 672 2126 maioraque
688 2049 805 2111 viribus
821 2057 939 2126 urgent

217 2135 301 2195 Haec
314 2136 386 2196 milri
402 2136 567 2211 praecipuo
583 2142 630 2196 est
645 2151 698 2195 ore
712 2134 851 2195 canenda
867 2135 945 2196 dies.

117 2226 163 2280 tao
179 2218 256 2293 Quid
269 2220 353 2280 volui
368 2220 494 2280 demens
509 2219 605 2294 elegis
619 2220 777 2295 imponere
791 2225 906 2280 tantum

219 2303 391 2365 Ponderist
404 2304 491 2364 heroi
505 2320 556 2363 res
574 2312 638 2364 erat
652 2305 711 2363 ista
725 2303 825 2379 pedis.

179 2385 290 2446 Sancte
308 2394 395 2462 pater
410 2388 539 2463 patriae,
555 2388 609 2447 tibi
624 2387 728 2464 plebs,
751 2386 805 2447 tibi
820 2387 906 2448 curia
922 2403 1035 2448 nomen

219 2470 286 2529 Hoc
302 2471 395 2531 dedit.
432 2472 492 2533 hoc
508 2472 650 2532 dedimus
665 2487 723 2533 nos
736 2470 791 2530 tibi
805 2486 932 2548 nomen,
948 2486 1056 2546 eques.

178 2554 239 2614 Res
255 2559 355 2616 tamen
371 2562 440 2615 ante
455 2556 549 2617 dedit.
590 2555 666 2617 Sero
683 2570 807 2630 quoque
820 2571 896 2616 vera
910 2555 1006 2616 tulisti

112 2643 161 2697 130
214 2637 353 2699 Nomina.
388 2639 447 2700 iam
464 2641 584 2716 pridem
598 2648 630 2701 tu
645 2646 732 2716 pater
746 2638 831 2701 orbis
846 2655 927 2700 eras.

176 2723 286 2783 Hoetu
301 2738 358 2799 per
373 2730 486 2798 terras,
505 2725 590 2799 quod
605 2724 636 2784 in
653 2723 777 2784 aethere
792 2723 929 2800 luppiter
943 2723 1013 2799 alto,

216 2806 332 2867 Nomen
347 2808 454 2869 habes.
490 2808 644 2868 hominum
659 2816 693 2869 tu
707 2813 809 2883 pater,
830 2808 880 2867 1111
895 2807 996 2867 deum.

176 2891 319 2966 Romule,
338 2893 503 2953 concedes.
540 2892 612 2953 lacit
625 2893 675 2953 bic
689 2899 740 2952 tua
754 2907 866 2968 magna
879 2891 995 2952 tuendo

216 2973 346 3035 Moenia.
381 2982 415 3036 tu
433 2976 565 3037 dederas
582 2976 782 3039 transilienda
796 2976 903 3037 Remo.

113 3065 160 3118 135
174 3057 215 3116 Te
229 3057 333 3119 Tatius
349 3060 498 3135 parvique
518 3062 614 3122 cures
629 3060 825 3135 Caeninaque
839 3060 952 3120 sensitr

216 3142 283 3202 Hoc
300 3143 379 3204 duce
393 3145 564 3206 Romanum
580 3152 627 3205 est
641 3145 717 3205 solis
732 3152 897 3220 utrumque
911 3145 999 3206 latus.

175 3227 219 3285 Tu
232 3224 327 3286 breve
341 3228 447 3288 nescio
466 3229 539 3305 quid
553 3229 652 3289 victae
672 3228 789 3290 telluris
804 3226 960 3288 habebas=

216 3307 437 3387 Quodcumque
453 3320 501 3375 est
515 3315 576 3374 alto
594 3313 652 3373 sub
666 3314 755 3389 love,
778 3312 893 3374 caesar
905 3310 1001 3373 habet

174 3393 218 3452 Tu
236 3394 336 3470 rapis,
351 3395 402 3455 hie
421 3403 524 3458 castas
541 3397 620 3458 duee
635 3413 671 3458 se
685 3397 769 3459 iubet
786 3410 859 3458 esse
873 3395 1004 3458 maritas

110 3485 157 3535 tto
207 3476 252 3537 Tu
267 3477 380 3556 recipis
396 3480 481 3554 luco,
498 3487 671 3544 summovet
684 3482 734 3544 ille
749 3482 847 3542 netas.
