2318 3960
419 183 474 259 tt,
494 180 672 249 eea-400.

121 336 296 400 ‘Candidus
312 335 407 396 elisae
421 335 566 396 miscetur
580 348 691 396 caseus
706 335 829 411 herbae,

162 420 338 498 cognoscat
350 419 474 495 priscos
488 426 522 479 ut
537 419 596 480 dea
610 418 714 494 prisca
728 418 839 479 eibos!

398 550 428 613 5.
458 552 483 612 G
504 550 593 611 NON
614 567 700 611 avar

120 669 249 728 Postera
262 683 331 728 curn
345 668 432 727 caelo
446 667 538 728 mods
551 665 714 728 Pallantias
729 669 821 729 astris

160 750 307 825 Fulserit,
324 757 354 810 et
368 750 477 811 niveos
491 751 579 812 Luna
592 750 701 811 levarit
714 766 823 826 equos,

56 844 109 900 ³75
126 835 182 909 Qui
197 834 279 894 dicet
293 834 467 908 ‘Quondam
482 841 602 896 sacrata
616 840 665 895 est
678 834 758 895 colle
774 834 889 908 Quirini

161 919 227 977 Hac
240 917 374 978 Fortuna
389 917 439 978 die
452 915 579 979 Publica
586 922 608 991 ,⁹
623 932 717 978 verus
732 916 797 978 erit.

10 1016 273 1137 {alliderer
316 1047 345 1113 t.
367 1052 429 1112 AN
447 1067 534 1110 svor
575 1051 792 1113 8.BN1.vo1
832 1052 863 1113 9.
893 1050 1055 1112 CNtvot

10 1153 23 1169 '
119 1169 220 1230 Tertia
232 1168 317 1229 lux...
331 1167 483 1232 memini...
498 1168 579 1229 ludis
595 1177 674 1243 erat,
690 1185 728 1230 ac
742 1169 815 1230 mihi
830 1168 953 1244 quidam

164 1249 320 1327 Spectanti
335 1251 440 1312 senior
453 1252 678 1328 continuusque
692 1254 762 1314 loco

121 1336 231 1394 ‘Haec’
245 1334 288 1395 ait
301 1335 366 1395 ‘illa
380 1334 463 1408 dies,
478 1334 603 1412 Libycis
618 1353 680 1411 qua
695 1336 810 1397 caesar
823 1335 853 1395 in
869 1336 932 1396 oris

10 1449 12 1454 ·
53 1430 109 1486 aso
166 1417 285 1479 Perfida
299 1416 483 1494 magnanimi
498 1418 635 1482 contudit
650 1435 734 1481 arma
748 1418 853 1479 Iubae.
1049 1485 1052 1491 ¹

10 1470 19 1589 [
124 1504 192 1563 Dux
208 1500 280 1561 mihi
296 1501 410 1563 Caesar
423 1508 502 1578 erat,
517 1502 575 1562 sub
591 1518 653 1577 quo
669 1502 820 1564 meruisse
834 1500 973 1563 tribunus

14 1596 28 1608 ⁸
166 1585 296 1645 Glorior.
325 1585 429 1646 olllcio
444 1585 577 1661 praefuit
590 1586 640 1646 ille
654 1602 735 1646 meo.
769 1581 771 1586 ’

10 1640 15 1724 i
124 1669 210 1729 Hanc
225 1683 283 1743 ego
297 1667 403 1729 militia
418 1669 540 1743 sedern,
554 1677 588 1730 tu
601 1684 680 1744 pace
694 1670 819 1745 parasti,

10 1735 24 1817 i
163 1752 244 1812 lnter
256 1750 305 1812 bis
320 1751 433 1827 quinos
447 1768 522 1814 usus
536 1753 655 1814 bonore
668 1754 785 1816 Viros!

10 1908 12 1913 Ι
55 1843 111 1899 385
126 1835 216 1896 Plura
229 1835 359 1901 locuturi
373 1835 475 1896 subite
491 1836 667 1898 seducimur
680 1835 787 1897 imbre.

164 1918 300 1980 Pendula
314 1918 457 1985 caelestis
471 1918 563 1979 Libra
576 1917 720 1979 movebat
734 1933 842 1994 aquas.

119 2005 200 2063 Ante
215 2009 330 2076 tamem
347 2017 438 2078 quam
453 2017 572 2064 summa
586 2002 653 2062 dies
670 2003 847 2078 spectacula
862 2001 959 2074 sistat

166 2085 297 2161 Ensiger
311 2085 405 2147 Orion
418 2100 555 2162 aequore
569 2100 690 2147 mersus
706 2085 771 2145 erit.

358 2218 410 2287 10.
436 2220 736 2280 DNevn·1u·c1n

10 2344 17 2374 ³
126 2342 265 2403 Proxima
279 2341 434 2402 victricem
450 2356 518 2401 curn
531 2341 659 2401 Romam
676 2338 845 2415 inspexerit
856 2339 929 2414 lios,

10 2499 14 2507 ¹
56 2434 113 2495 000
166 2425 205 2485 lit
219 2425 338 2486 dederit
350 2421 475 2485 Phoebo
490 2424 579 2484 stella
594 2425 697 2500 iugata
711 2423 823 2498 locum,

127 2510 232 2571 circus
248 2507 305 2569 erit
319 2524 435 2584 pompa
451 2506 573 2568 celeber
586 2522 776 2582 numeroque
790 2506 927 2581 deorum,

167 2591 328 2667 Primaque
342 2590 480 2651 ventosis
494 2591 596 2666 palma
610 2597 730 2666 petetur
745 2590 843 2665 equis.

261 2722 311 2784 11.
331 2723 390 2783 EN
433 2721 484 2786 le.
505 2723 561 2782 FN
579 2739 835 2784 svor-censat

125 2841 204 2901 ilinc
219 2839 337 2901 cereris
351 2838 425 2900 ludi.
454 2854 516 2900 non
534 2845 582 2900 est
596 2854 675 2914 opus
690 2839 791 2900 indice
807 2855 917 2900 causa=

169 2922 286 2999 Sponte
303 2923 383 2986 deae
397 2939 509 2984 munus
524 2921 785 2999 promeritumque
800 2929 892 2998 patet.

57 3019 114 3074 aas
128 3007 241 3067 Messis
258 3012 323 3066 erat
337 3005 443 3082 primis
457 3006 573 3066 virides
587 3005 766 3066 mortalibus
780 3000 905 3079 herbae,

168 3090 249 3164 Quas
265 3091 355 3151 tellus
369 3090 452 3150 nullo
468 3089 650 3150 sollicitante
665 3088 766 3150 dabat.

126 3174 164 3234 m
177 3173 271 3234 modo
291 3172 460 3249 carpebant
471 3172 573 3234 vivaci
587 3173 704 3248 cespite
717 3187 852 3248 maman,

167 3256 253 3317 Nunc
269 3256 379 3334 epulae
392 3264 497 3319 tenera
511 3256 620 3319 ironde
637 3271 784 3317 cacumen
799 3261 894 3317 eraut

129 3341 294 3402 Postmodo
310 3341 398 3417 glans
409 3348 480 3403 nata
490 3347 547 3402 est.
564 3339 644 3400 bene
659 3344 725 3400 erat
735 3338 796 3399 iam
807 3337 920 3414 glande
930 3344 1059 3413 reperta,

58 3433 115 3487 000
168 3423 314 3501 Duraque
331 3424 510 3501 magnificas
528 3438 659 3500 quercus
672 3421 806 3485 habebat
820 3436 909 3498 opes.
