2318 3960
20 204 24 209 ⁵
98 211 143 278 84
493 213 720 277 rttlsttttttt

220 370 308 430 Nulla
323 369 379 430 luit
391 368 504 428 misero
520 368 598 427 iesta
613 366 747 427 videnda
761 364 843 425 mihi.

180 452 283 515 Edidit
296 453 374 513 haec
388 467 490 512 mores
505 451 565 510 illis
579 450 715 511 heroisin
731 465 859 526 aequos,

223 536 315 613 Queis
330 542 395 596 erat
404 535 512 596 Eetion
525 534 702 609 Icariusque
716 539 813 611 pater.

140 632 173 686 45
186 623 261 682 Nata
276 619 421 697 pudicitia
435 624 491 692 est,
515 633 620 678 mores.
631 617 832 694 probitasque
845 617 1009 695 adaequet

220 708 260 766 At
276 719 336 764 non
351 707 423 764 suut
436 702 496 762 ista
509 701 621 776 gaudia
635 709 707 762 nata
721 701 781 773 die,
815 746 818 753 .
899 722 904 733 ·

183 789 246 851 Sed
260 787 347 848 labor
361 796 390 849 et
404 801 495 847 curae
511 786 694 861 fortunaque
707 786 844 848 moribus
858 788 970 866 impar,

222 874 366 948 iustaque
382 871 421 930 de
436 871 528 931 viduo
545 884 645 944 paene
660 871 797 946 querella
809 877 888 933 toro.

183 956 306 1018 Scilicet
320 955 461 1015 adversis
477 953 613 1030 probitas
630 953 765 1014 exercita
777 955 871 1015 rebus

141 1050 178 1103 5ο
225 1035 314 1100 Tristi
328 1038 485 1099 materiam
500 1045 638 1112 tempore
651 1037 751 1097 laudis
765 1038 866 1100 hahet

183 1123 216 1184 Si
233 1123 307 1183 nihil
321 1124 423 1183 iniesti
439 1123 534 1183 durus
550 1122 679 1181 vidisset
692 1121 808 1197 Ulixes,

221 1208 376 1282 Penelope
391 1208 473 1282 felix,
495 1207 552 1265 sed
567 1205 634 1264 sine
649 1204 741 1266 laude
755 1207 841 1266 foret.

182 1293 288 1352 Victor
301 1291 465 1351 Echionias
481 1291 508 1350 si
522 1289 570 1347 vir
585 1296 779 1364 penetrasset
792 1291 823 1350 in
838 1305 937 1366 arces,

222 1375 362 1436 Forsitan
373 1374 520 1436 Euadnen
535 1373 587 1432 vix
602 1389 659 1433 sua
672 1382 782 1435 nosset
795 1374 917 1435 humus.

142 1469 177 1524 55
187 1459 261 1520 Cum
275 1460 357 1519 Pelia
372 1459 492 1533 genitae
507 1463 551 1516 tot
566 1457 636 1532 sint,
658 1472 713 1516 cur
726 1458 837 1520 nobilis
852 1476 916 1519 una
931 1467 1001 1520 5555

223 1543 338 1617 Nempe
354 1543 410 1602 luit
422 1543 534 1601 misero
551 1549 646 1616 nupta
660 1543 744 1615 quod
757 1558 819 1603 una
832 1543 910 1603 viro.

183 1627 288 1700 Effice,
309 1634 342 1686 ut
355 1626 463 1685 lliacas
478 1630 582 1699 tangat
596 1625 681 1700 prior
695 1626 771 1685 alter
784 1642 903 1701 arenas,

223 1710 390 1769 Laodamia
404 1709 477 1768 nihil
493 1723 547 1768 cur
561 1709 711 1769 reseratur
724 1709 789 1770 erit.

183 1795 220 1855 Et
232 1802 294 1867 tua,
317 1794 401 1868 quod
416 1793 545 1866 mallem,
566 1792 665 1867 pietas
679 1794 783 1868 ignota
796 1802 942 1870 maneret,

141 1891 175 1945 60
227 1878 390 1952 implerent
403 1877 485 1938 venti
500 1876 526 1936 si
542 1891 611 1936 mea
625 1879 694 1936 vela
707 1877 764 1936 sui.

182 1961 220 2021 Di
234 1969 334 2022 tamen
349 1969 379 2022 et
394 1963 506 2023 Caesar
521 1960 570 2020 dis
585 1975 758 2037 accessere,
781 1962 838 2022 sed
852 1961 933 2035 olim,

223 2046 392 2122 Aequerint
407 2046 511 2122 Pylios
527 2059 596 2103 cum
610 2049 661 2103 toa
675 2046 738 2109 tata
752 2045 829 2119 dies,

182 2130 249 2192 Non
262 2129 344 2204 mihi,
368 2130 421 2204 qui
435 2143 568 2204 poenam
584 2128 682 2188 fateor
695 2130 855 2204 meruisse,
879 2131 937 2191 sed
952 2131 997 2192 itti

220 2213 347 2289 Parcite,
370 2229 450 2289 quae
465 2212 548 2273 nullo
564 2211 657 2285 digna
673 2213 780 2275 dolore
794 2214 893 2274 dolett

115 2347 159 2444 θα
180 2343 233 2443 Tu
249 2398 381 2458 quoque,
404 2391 577 2446 nostrarum
594 2384 751 2460 quondam
765 2384 880 2444 fiducia
892 2400 1005 2460 rerum,

222 2466 278 2540 Qui
292 2466 364 2525 mihi
380 2468 565 2544 coniugium,
588 2470 639 2544 qui
654 2468 727 2528 mihi
742 2474 850 2543 portus
865 2483 945 2542 5555,

180 2550 223 2610 Tu
240 2565 365 2626 quoque
380 2553 516 2628 suscepti
532 2569 634 2613 curam
650 2553 774 2612 dimittis
791 2553 889 2626 amici,

223 2632 384 2709 Oificiique
398 2637 481 2711 pium
496 2644 557 2697 tam
573 2638 632 2697 cito
648 2637 738 2711 ponis
754 2641 855 2696 onus?

151 2723 167 2773 5
179 2714 306 2778 Sorrina
322 2735 398 2795 sum,
422 2714 528 2782 fateor.
562 2737 654 2796 quam
668 2721 695 2780 si
709 2728 742 2782 tu
756 2727 895 2796 tempore
908 2717 987 2781 duro

220 2803 422 2877 Depositurus
438 2820 516 2879 eras,
540 2820 602 2864 non
618 2804 779 2865 subeunda
793 2805 856 2864 iuit.

177 2885 334 2947 Fluctibus
350 2887 380 2946 in
397 2889 506 2949 mediis
521 2904 639 2960 navem,
662 2887 811 2960 Palinure,
833 2887 1006 2961 relinquiae

220 2970 265 3030 Ne
279 2972 359 3046 luge,
381 2987 460 3032 neve
474 2979 528 3032 tua
543 2974 583 3032 sit
596 2974 695 3033 minor
709 2980 773 3032 arte
790 2972 885 3032 fldest

179 3051 332 3131 Numquid
344 3056 502 3118 Achilleos
517 3056 595 3118 inter
613 3058 678 3117 iera
692 3057 812 3131 proelia
826 3055 880 3115 fidi

143 3148 173 3200 10
224 3138 366 3197 Deseruit
379 3140 487 3202 levitas
505 3141 740 3202 Automedontis
755 3146 876 3216 equost

180 3219 276 3294 Quem
291 3224 385 3282 semel
401 3225 531 3300 excepit,
555 3225 702 3301 numquid
715 3223 888 3285 Podalirius
903 3238 998 3299 aegro

219 3304 404 3367 Promissam
419 3310 557 3368 medicae
573 3325 634 3369 non
650 3309 714 3370 tulit
730 3308 802 3368 artis
818 3315 932 3383 opem?

180 3386 308 3461 turpius
325 3389 439 3464 eicitur,
460 3408 552 3467 quam
567 3408 628 3453 non
644 3392 808 3453 admittitur
821 3392 949 3468 hospes.

221 3470 304 3544 Quae
318 3473 422 3549 patuit,
445 3476 571 3535 dextrae
587 3477 675 3537 firma
690 3477 730 3537 sit
744 3492 797 3536 ura
811 3491 908 3537 meae.
