2318 3960
412 232 469 306 lv,
492 229 526 305 9,
548 227 689 304 tlt-10,
712 228 766 294 36.
1038 228 1097 294 llll

81 393 154 492 10.
211 429 530 493 xcmnovxno.

168 510 230 608 flio
244 547 317 607 mini
332 549 490 609 cimmerio
506 548 554 608 bis
568 549 655 609 tertia
669 550 792 611 ducitur
804 555 910 610 aestas

209 629 311 693 Litore
326 633 447 708 pellitos
462 632 541 692 inter
553 634 674 708 agenda
690 633 792 694 Getes.

166 715 291 790 Ecquos
305 722 339 776 tu
352 716 472 790 silices,
492 716 630 790 eoquod,
648 717 820 789 carissime,
841 718 954 776 ferrum

209 799 343 859 Duritias
358 801 496 874 confers,
511 799 719 875 Albinovaue,
734 806 844 860 menet

138 895 154 944 o
171 883 261 942 Gutta
279 891 370 944 cavat
383 883 527 959 lapidem.
556 883 745 944 consumitur
759 884 867 943 anulus
882 898 957 944 usu:

210 964 357 1027 Alteritnr
370 981 482 1042 pressa
494 982 602 1027 vomer
616 966 755 1027 aduncus
769 966 873 1026 humo.

166 1049 299 1125 Tempus
315 1051 396 1109 edax
411 1049 501 1124 igitur
514 1056 636 1125 praeter
650 1066 708 1110 nos
724 1049 826 1110 omnia
839 1049 955 1124 perdit:

211 1132 318 1193 Cessat
335 1133 446 1194 duritia
459 1148 543 1192 mors
559 1147 684 1208 quoque
699 1134 781 1192 victa
796 1148 874 1192 mea.
955 1181 958 1186 .

165 1216 350 1290 Exemplum
365 1223 413 1278 est
431 1218 523 1277 animi
537 1216 663 1277 nimium
676 1215 819 1291 patientis
832 1215 949 1287 Ulixes,

114 1311 151 1362 10
207 1300 339 1360 lactatus
353 1299 447 1362 dubio
467 1315 524 1374 per
543 1299 605 1359 duo
621 1301 718 1359 lustra
733 1298 818 1359 mari.

167 1385 319 1459 Tempora
333 1383 454 1443 solliciti
470 1383 527 1443 sed
542 1389 718 1442 nontamen
734 1382 835 1443 omnia
850 1381 903 1441 lati

208 1465 347 1542 Pertulit,
367 1466 554 1543 etplacidae
572 1481 669 1541 saepe
684 1466 770 1526 luere
788 1480 902 1524 morae.

166 1555 216 1611 An
236 1565 331 1625 gram
350 1550 511 1610 sexennis
526 1548 684 1625 pulchram
699 1550 817 1609 fovisse
832 1548 992 1626 Calypso„

209 1634 394 1709 Aeaeaeque
408 1635 464 1694 luit
483 1631 689 1693 concubuisse
704 1633 802 1694 deaet

94 1786 97 1791 ,
115 1727 151 1780 15
165 1717 288 1792 Excipit
301 1717 512 1793 Hippotades,
529 1717 582 1792 qui
597 1716 650 1777 dat
663 1732 720 1790 pro
736 1730 861 1776 munere
875 1722 996 1789 ventos,

210 1799 321 1860 Curvet
336 1807 369 1861 ut
384 1802 525 1876 inpulsos
539 1799 622 1861 utilis
637 1816 713 1859 aura
727 1800 821 1859 sinus.

166 1885 230 1943 Neo
242 1882 323 1944 bene
336 1891 494 1946 cantantes
509 1882 597 1944 labor
615 1890 662 1943 est
681 1881 808 1944 audisse
821 1882 954 1958 puellas=
1006 1915 1007 1919 =

208 1967 271 2026 Neo
286 1967 460 2042 degustanti
475 1967 555 2028 lotos
570 1980 675 2026 amara
689 1967 753 2026 luit

166 2050 232 2110 Hos
249 2065 322 2125 ego,
339 2052 391 2125 qui
405 2051 523 2127 patriae
538 2049 650 2111 iaciant
665 2048 792 2124 oblivia,
807 2057 901 2109 sucos

112 2143 151 2196 no
207 2133 295 2194 Parte
309 2148 397 2196 meae
415 2136 512 2208 vitae,
529 2133 664 2194 simodo
680 2133 802 2204 dentur,
818 2126 931 2192 emam!

168 2218 232 2277 Nec
244 2223 278 2277 tu
292 2218 459 2279 contuleris
474 2217 582 2278 urbem
600 2216 821 2294 Laestrygonis
841 2231 987 2290 umquam

211 2300 373 2376 Gentibus,
388 2301 513 2376 obliqua
530 2317 609 2375 quas
625 2300 690 2361 obit
702 2300 806 2360 Hister
818 2314 909 2373 aqua.

166 2385 230 2443 Nec
244 2384 346 2444 vincet
362 2400 488 2444 saevum
508 2384 641 2460 cyclops
657 2383 774 2443 feritate
789 2382 949 2460 Plryncem

209 2467 266 2540 Qui
282 2475 377 2542 quota
390 2468 516 2528 terroris
536 2483 608 2542 pars
624 2468 704 2528 solet
719 2481 791 2527 osse
805 2467 885 2526 meil
977 2486 979 2491 ·

113 2560 151 2612 25
168 2551 273 2627 Scylla
287 2552 360 2611 ieris
380 2556 487 2612 trunco
504 2550 589 2626 quod
604 2551 692 2609 latret
705 2550 744 2609 ab
762 2550 886 2624 inguine
900 2546 1080 2609 monstris...

208 2633 387 2694 Heniochae
401 2635 500 2694 nautis
516 2634 585 2709 plus
600 2648 735 2694 nocuere
750 2641 843 2693 rates.

167 2718 229 2777 Nec
244 2724 334 2793 potes
348 2717 468 2778 infestis
484 2717 623 2777 conferre
641 2714 816 2793 Charybdin
831 2715 975 2789 Achaeis,
1055 2745 1094 2757 -«

211 2801 269 2860 Ter
283 2801 354 2862 licet
368 2807 493 2877 epotum
507 2807 553 2862 ter
567 2806 671 2859 vomat
684 2797 736 2857 illa
754 2799 872 2858 fretum.

168 2885 223 2958 Qui
239 2901 424 2960 quamquam
442 2885 551 2945 dextra
563 2883 690 2957 regione
704 2881 844 2942 licentius
864 2887 974 2954 errant,

113 2976 152 3030 30
210 2968 358 3028 Securum
373 2969 452 3029 latus
468 2968 528 3028 hoc
545 2982 607 3026 non
622 2972 723 3026 tamen
737 2979 809 3024 esse
826 2964 937 3024 sinunt.

167 3052 224 3112 Hic
238 3052 304 3127 agri
318 3051 493 3124 inlrondes‚
509 3051 559 3110 lric
573 3049 693 3124 spicula
706 3048 803 3107 tincta
812 3047 956 3106 venenis=

209 3135 266 3195 Hic
278 3137 357 3195 treta
372 3136 420 3194 vel
437 3135 532 3210 pediti
545 3132 653 3210 pervia
666 3132 768 3191 reddit
782 3130 890 3203 hiems,

168 3219 223 3293 Ut,
243 3234 420 3293 queremus
435 3217 492 3278 iter
507 3216 605 3294 pulsis
619 3214 713 3275 modo
729 3215 843 3274 lecerat
856 3210 957 3286 undis,

212 3300 321 3363 Siccus
336 3307 509 3378 contempta
526 3314 606 3361 nave
621 3298 721 3359 viator
734 3303 792 3357 eat.

111 3395 147 3449 35
163 3384 222 3462 Qui
237 3384 363 3448 veniunt
375 3385 480 3460 istinc,
498 3385 550 3445 vix
566 3399 622 3443 vos
637 3397 675 3442 ea
690 3380 816 3441 credere
832 3379 946 3440 dicunt.

211 3469 308 3545 Quam
321 3471 492 3544 miserest,
512 3467 565 3544 qui
579 3467 638 3527 lert
653 3464 813 3541 asperiora
825 3461 904 3523 lidel
