2318 3960
437 225 494 299 ru,
517 220 572 298 11,
594 220 715 299 4-12,
736 223 767 286 4.

213 376 252 437 ut
266 373 355 435 dictis
370 379 451 432 artes
467 373 650 433 conciliasse
665 390 755 435 suess

173 460 314 520 ‘Munere
327 455 358 516 in
372 454 442 528 hoo,
457 471 522 531 rex,
538 463 587 517 est
600 472 676 517 usus
694 458 752 518 sed
765 459 897 535 imagine
911 461 1016 535 maior,

212 543 275 602 Nec
289 541 358 601 sola
372 545 421 600 est
434 541 537 614 operis
553 540 651 600 torma
664 542 826 615 probanda
839 544 906 603 mei.

125 637 159 691 45
172 625 299 701 Aspicis
314 640 333 684 a
347 623 457 684 dextra
470 624 550 683 latus
565 623 625 683 hoc
640 625 808 699 adapertile
822 624 922 687 tauril

216 710 283 771 Huc
297 706 360 781 tibi,
376 721 467 781 quem
480 708 605 782 perdes,
621 706 819 770 coniciendus
834 712 899 769 erit.

173 792 315 854 Protinus
329 791 481 850 inclusum
494 791 584 851 lentis
600 791 784 853 carbonibus
799 809 869 853 urea

214 876 337 950 Mugiet,
353 879 383 933 et
397 874 462 933 veri
476 889 539 934 vox
553 875 610 933 erit
622 873 676 935 illa
688 876 788 936 bovis.

173 958 231 1020 Pro
248 959 360 1034 quibus
375 957 515 1031 inventis,
531 965 565 1017 ut
579 973 689 1018 munus
705 974 830 1018 munere
844 975 968 1035 penses,

121 1057 158 1113 5ο
213 1043 268 1117 Ita,
283 1054 403 1116 precor,
419 1041 541 1116 ingenio
558 1042 693 1114 praemia
707 1042 800 1116 digna
813 1047 910 1103 meot’

175 1127 308 1186 Dixerat.
330 1131 362 1185 at
373 1123 510 1184 Phalaris
526 1125 659 1185 ‘Poenae
674 1125 811 1185 mirande
825 1134 973 1202 repertor,

215 1210 287 1284 lpse
302 1214 386 1269 tuum
401 1223 552 1283 praesens
567 1207 679 1267 imbue’
694 1208 771 1268 dixit
784 1213 877 1284 ‘opus
886 1214 906 1267 ι’

174 1293 236 1351 Nec
251 1307 345 1365 mora,
362 1292 539 1352 monstratis
553 1291 715 1352 crudeliter
728 1292 848 1366 ignibus
863 1300 951 1353 ustus

213 1375 358 1436 Exhibuit
371 1375 509 1449 geminos
526 1390 579 1435 ore
592 1381 739 1434 tremente
753 1391 859 1436 sonos.

121 1469 155 1522 55
172 1458 251 1532 Quid
265 1459 338 1518 mihi
353 1475 423 1518 cum
438 1457 549 1519 Siculis
564 1457 642 1517 inter
657 1456 875 1536 Scythiamque
890 1460 1065 1537 Getasquet

212 1542 263 1601 Ad
276 1546 316 1615 tc,
332 1542 475 1617 quisquis
488 1542 515 1601 is
531 1557 575 1616 es,
593 1548 700 1603 nostra
714 1542 850 1617 querella
863 1543 951 1603 redit.

171 1627 272 1700 thue
287 1626 368 1686 sitim
382 1633 488 1687 nostro
503 1625 607 1700 possis
623 1627 881 1700 explosorum,

214 1707 395 1784 Quantaque
409 1710 466 1784 vis,
484 1709 576 1770 avido
591 1709 704 1784 gaudia
719 1709 813 1769 corde
827 1710 924 1769 teras=

171 1794 228 1854 Tot
241 1795 322 1852 mala
336 1808 405 1853 sum
420 1793 540 1866 lugiens
556 1794 672 1864 tellure,
687 1800 732 1853 tot
746 1808 883 1868 aequore
897 1809 1019 1868 passus,

121 1889 157 1944 50
211 1877 253 1939 Te
269 1891 395 1951 quoque
409 1883 442 1937 ut
456 1874 568 1936 auditis
584 1891 680 1950 posse
695 1876 800 1936 dolere
815 1883 927 1951 putem.

173 1959 270 2018 Crede
284 1959 365 2031 mihi,
381 1959 408 2018 si
424 1959 465 2019 sit
477 1959 567 2019 nobis
584 1960 711 2018 collatus
726 1959 841 2032 Ulixes,

211 2042 341 2118 Neptuni
356 2043 455 2101 minor
469 2048 524 2117 est,
540 2058 632 2117 quam
646 2041 727 2102 lovis
743 2042 788 2100 ira
802 2042 865 2102 luit.

171 2126 253 2201 Ergo
268 2127 454 2202 quicumque
469 2141 513 2199 es,
529 2125 706 2185 rescindere
722 2125 848 2184 crimina
862 2126 932 2199 noli,

212 2210 320 2284 Deque
333 2210 419 2284 gravi
435 2210 528 2269 duras
544 2210 668 2269 vtdnere
682 2210 754 2268 tolle
768 2222 886 2269 manus.

120 2299 155 2353 65
169 2292 270 2367 thue
284 2308 372 2352 meae
388 2290 639 2353 iamam‘tenuent
653 2292 766 2351 oblivia
781 2295 899 2368 culpae,

211 2375 306 2436 Facta
321 2376 493 2437 cicatricem
508 2377 622 2436 ducere
637 2382 743 2435 nostra
757 2376 834 2436 sine.
854 2452 857 2456 ,

170 2459 393 2534 Humanaeque
406 2474 524 2520 memor
538 2460 639 2532 sortis,
656 2474 736 2534 quae
751 2460 826 2521 tollit
840 2459 968 2518 eosdem

213 2543 250 2602 Et
264 2543 382 2618 premit,
397 2543 529 2602 incertas
544 2543 614 2618 ipse
629 2544 850 2603 verere‘vicest

170 2625 207 2684 lit
222 2627 374 2701 quoniam,
389 2627 456 2686 heri
470 2626 555 2702 quod
567 2641 732 2702 numquam
746 2641 843 2701 posse
857 2624 970 2700 putavi,

115 2720 151 2774 70
205 2708 262 2769 Est
274 2709 327 2770 tibi
343 2710 489 2769 derebus
503 2711 636 2769 maxima
651 2724 724 2769 cura
737 2710 829 2768 meis·

169 2791 237 2852 Non
252 2801 300 2853 est
315 2795 400 2869 quod
413 2793 531 2853 timeas.
554 2794 675 2854 fortuna
689 2793 859 2852 miserrima
873 2798 979 2852 nostra
993 2803 1049 2866 est,

209 2873 305 2935 Omne
321 2876 411 2937 traldt
425 2892 531 2936 secum
545 2876 684 2937 Caesaris
699 2876 745 2935 ira
759 2878 880 2935 malum.

171 2958 260 3031 Quod
274 2961 371 3034 magis
385 2967 420 3020 ut
432 2960 557 3035 liqueat,
572 2975 650 3018 neve
663 2959 724 3020 hoc
739 2975 797 3034 ego
813 2960 930 3033 fingere
946 2957 1054 3017 credar

211 3043 292 3118 lpse,
306 3045 406 3118 velim,
421 3058 540 3118 poenas
556 3044 717 3118 experiare
730 3058 825 3101 meas.

85 3174 157 3265 12·
171 3170 304 3283 Frigora
318 3209 378 3268 iam
393 3210 521 3288 zephyri
536 3209 682 3281 minuunt,
699 3223 842 3282 annoque
856 3214 981 3281 peracto

208 3292 342 3367 Longior
360 3292 488 3367 intepuit
504 3293 572 3352 visa
586 3289 711 3352 Tomitis
730 3290 842 3350 hiems:

171 3373 404 3453 lnposltamque
419 3376 481 3436 sibi
493 3375 544 3450 qui
558 3392 621 3436 non
633 3377 714 3435 bene
727 3375 850 3450 pertulit
863 3375 980 3450 Hellen,

119 3514 120 3517 ,
211 3459 363 3535 Tempora
376 3459 534 3520 nocturnis
549 3474 649 3535 aequa
663 3458 772 3519 diuma
786 3459 866 3519 iacit.
