2318 3960
99 195 161 259 336
472 191 726 256 PASTORUM

119 356 171 411 705
185 347 288 423 Surgit
306 346 399 406 humo
414 344 533 405 iuvenis
548 346 617 405 telis
633 347 755 408 alilatus
771 347 870 421 avitis,

225 431 263 492 Et
276 430 398 506 gemino
414 444 511 489 nexas
523 430 651 505 porrigit
666 447 766 506 angue
780 448 900 493 manus.

184 517 281 575 Notus
297 529 383 575 amor
396 512 569 587 Phaedrae,
585 521 658 574 nota
673 523 721 575 est
735 516 846 576 iniuria
858 514 989 578 Thesei:

226 598 359 659 Devovit
372 604 476 658 natum
491 598 634 658 credulus
650 598 701 659 ille
716 617 816 660 suurn.

187 685 252 744 Non
268 684 392 757 impune
407 682 479 756 pius
493 683 612 743 iuvenis
627 684 785 745 Troezena
800 683 940 760 petebat:

122 770 173 828 itu
229 767 345 827 Dividit
361 765 519 827 obstantes
535 774 661 841 pectore
676 776 780 829 taurus
796 783 905 844 aquas.

187 851 314 914 Solliciti
327 856 478 911 terrentur
492 852 579 926 oqui,
595 852 770 926 frustraque
784 853 893 913 retenti

228 937 286 996 Per
300 936 449 1010 scopulos
465 935 621 997 dominum
635 937 775 1012 duraque
791 953 869 998 saxa
883 937 1015 999 trabunt.

185 1021 352 1082 Exciderat
366 1035 471 1094 curru,
486 1019 624 1096 lorisque
638 1021 827 1081 morantibus
842 1027 926 1082 artus

228 1105 416 1183 Hippolytus
432 1106 533 1165 lacero
549 1119 682 1181 corpore
697 1113 803 1181 raptus
819 1112 892 1178 erat,

122 1196 173 1254 tle
188 1189 439 1262 Reddideratque
454 1188 600 1262 animam,
616 1191 742 1251 multum
754 1190 933 1265 indignante
947 1188 1055 1252 Diana.

228 1274 338 1334 ‘Nulla’
354 1272 523 1333 Coronides
538 1279 646 1334 ‘causa
661 1274 789 1335 doloris’
807 1274 864 1334 ait=

185 1360 336 1434 ‘Namque
349 1357 402 1433 pio
418 1357 521 1417 iuveni
537 1359 630 1418 vitam
645 1358 713 1419 sinc
728 1359 856 1419 volnere
870 1358 1007 1429 reddam,

226 1443 264 1501 Et
278 1441 388 1502 cedent
403 1442 459 1501 arti
475 1442 573 1502 tristia
588 1443 649 1503 iata
663 1448 772 1503 meae!

186 1527 329 1588 Gramina
344 1526 488 1586 continuo
505 1526 613 1587 loculis
629 1527 781 1603 depromit
795 1525 967 1587 ebumlsz...

119 1615 171 1670 750
226 1609 407 1671 Profuerant
421 1609 527 1670 Glauci
542 1610 683 1671 manibus
697 1612 749 1671 illa
764 1612 858 1688 prius,

185 1695 284 1768 Tunc,
299 1709 368 1754 cum
382 1694 564 1754 observatas
579 1695 687 1770 anguis
703 1695 864 1756 deseendit
877 1693 907 1754 in
922 1692 1057 1769 umbras,

227 1780 310 1841 Usus
326 1783 356 1837 et
369 1777 483 1837 auxilio
498 1784 546 1839 est
560 1795 658 1854 augur
672 1779 709 1839 ab
725 1795 824 1855 angue
840 1780 960 1839 dato...

185 1864 314 1924 Pectora
328 1870 374 1921 ter
387 1863 497 1938 tetigit,
512 1872 558 1922 ter
572 1864 668 1924 verba
682 1863 816 1924 salubria
832 1862 923 1923 dixit:

228 1947 407 2023 Depositum
422 1955 502 2006 terra
517 1949 639 2008 sustulit
658 1947 708 2007 ille
723 1955 822 2023 caput.

121 2045 173 2100 755
187 2036 288 2095 Lucus
305 2047 373 2091 eum
392 2032 589 2106 nemorisque
604 2032 661 2106 tui,
676 2031 844 2111 Dictynna,
861 2045 1007 2092 recessus

229 2116 325 2176 Colat:
355 2115 480 2176 Aricino
499 2115 624 2175 Virbius
639 2117 690 2174 ille
705 2117 784 2177 lacu.

184 2204 225 2262 At
242 2201 408 2277 clymenus
425 2200 594 2274 Clothoque
609 2201 725 2260 dolent.
755 2200 847 2274 haee,
864 2198 917 2259 iila
931 2197 1042 2270 reneri,

225 2285 297 2354 Hic,
314 2284 381 2342 lieri
395 2285 481 2358 regni
496 2285 564 2345 iura
577 2284 696 2345 minora
712 2285 771 2345 sui.

184 2368 334 2443 luppiter,
350 2367 522 2442 exemplum
540 2368 669 2442 veritus,
686 2366 797 2428 direxit
813 2367 844 2426 in
858 2366 962 2441 ipsum

121 2461 172 2517 760
222 2450 381 2525 Fulmina,
402 2451 453 2525 qui
469 2451 580 2511 nimiae
596 2460 734 2512 moverat
749 2452 821 2512 artis
838 2466 940 2526 opem.

183 2535 322 2608 Phoebe,
342 2534 529 2610 querebaris.
563 2537 718 2611 deusest,
734 2536 860 2612 placare
873 2534 1010 2609 parentii

226 2620 355 2693 Propter
370 2626 414 2690 te,
436 2619 502 2678 neri
519 2620 602 2696 quod
619 2627 715 2693 vetat,
735 2621 804 2695 ipse
825 2618 904 2679 lacit.

545 2752 596 2814 23.
619 2753 671 2813 FC

183 2868 250 2928 Non
264 2883 322 2942 ego
338 2877 382 2942 te,
400 2869 540 2942 quamvis
556 2868 739 2943 properabis
753 2868 894 2939 vincere,
911 2863 1034 2944 Caesar,

227 2949 259 3013 Si
275 2957 357 3011 vetet
374 2952 559 3026 auspicium,
575 2952 664 3027 signa
678 2967 804 3013 movere
817 2949 919 3010 velim.

121 3043 171 3099 765
188 3036 255 3097 Sint
269 3034 323 3096 tibi
336 3035 504 3097 Flaminius
519 3037 759 3112 Trasimenaque
773 3035 864 3096 litora
877 3039 984 3108 testes,

224 3119 283 3179 Per
298 3119 441 3180 volucres
457 3136 577 3195 aequos
592 3120 687 3181 multa
701 3135 827 3181 monere
843 3118 931 3179 deos.

182 3206 252 3264 Tem
257 3219 334 3279 pora
348 3204 375 3263 si
396 3205 508 3265 veteris
523 3205 646 3279 quaeris
661 3205 823 3264 temeraria
838 3200 950 3276 damni,

226 3288 356 3362 Quartus
373 3288 411 3348 ab
427 3296 564 3349 extremo
580 3305 687 3349 mense
700 3287 749 3348 bis
764 3289 815 3347 ille
831 3287 908 3347 dies.

182 3369 310 3432 Postera
323 3373 377 3432 lux
391 3373 508 3432 melior.
538 3373 669 3449 Superat
682 3373 850 3433 Masinissa
864 3369 1052 3450 Syphacem,

119 3459 170 3516 770
225 3455 263 3515 Et
279 3456 389 3516 cecidit
403 3457 472 3517 telis
486 3457 661 3518 Hasdrubal
682 3457 752 3533 ipse
766 3456 842 3518 suis.
