2318 3960
96 220 155 319 tm
486 218 712 282 rancura

177 376 274 437 crede
288 382 400 436 lamen.
430 389 488 434 nec
503 380 532 432 te
548 386 658 431 causas
673 371 794 431 nescire
811 369 959 447 sinemus,

217 458 350 518 Horrida
364 457 565 518 Sarmaticum
579 469 634 514 cur
645 469 730 513 mare
745 453 833 514 duret
845 453 956 515 hiems.

175 542 318 602 Proxima
331 547 402 602 sunt
416 539 506 601 nobis
521 538 649 614 plaustri
664 537 843 613 praebentia
858 540 990 601 formam

126 634 160 688 40
215 626 253 687 Et
267 640 346 702 quae
361 624 558 700 praecipuum
572 621 676 682 sidera
690 621 786 696 trigas
802 621 927 683 hahent.

174 710 253 769 Hinc
272 709 368 768 oritur
380 707 508 779 boreas,
524 721 659 780 oraeque
678 705 865 769 domesticus
878 705 953 769 huie
966 712 1023 782 ast,

215 794 254 852 Et
267 792 359 851 sumit
372 791 454 850 vires
474 808 493 851 a
506 790 652 866 propiore
666 789 745 849 loco.

174 878 215 936 nt
229 883 337 948 notus,
353 875 485 935 adverso
501 873 624 949 tepidus
645 873 698 948 qui
716 873 814 948 spirat
829 872 870 935 ab
883 888 953 949 axe,

217 959 273 1020 Est
287 960 409 1034 procul,
426 965 457 1018 ct
469 974 557 1018 rarus
576 956 811 1032 languidiorque
824 956 919 1019 venit.

125 1049 160 1105 45
174 1043 266 1103 Adde
282 1042 365 1117 quod
382 1041 432 1102 hic
447 1045 552 1102 clauso
571 1041 739 1102 miscentur
754 1039 880 1102 flumina
892 1040 1003 1116 Ponto,

216 1127 349 1202 Vimque
363 1127 473 1187 fretum
487 1126 581 1185 multo
598 1124 701 1200 perdit
720 1124 759 1184 ab
774 1139 864 1185 amne
879 1141 980 1187 snam.

173 1209 240 1271 Huc
247 1210 358 1287 Lycus,
366 1210 426 1269 huc
433 1207 736 1284 SagarisPaniusque
743 1207 1081 1287 Hypanisque-Calesqu

218 1293 320 1354 influit
335 1301 364 1353 et
378 1292 487 1353 crebro
501 1293 615 1353 vertice
628 1298 727 1352 tortus
740 1292 850 1370 Halys,

175 1377 417 1452 Partheniusque
431 1392 544 1451 rapax,
561 1382 592 1436 et
604 1376 735 1436 volvens
749 1391 828 1437 saxa
841 1375 989 1454 cyaapes

125 1469 160 1522 50
214 1460 351 1535 Labitur,
370 1466 400 1520 ct
413 1461 496 1520 nullo
513 1459 630 1520 tardior
648 1469 738 1520 amne
750 1461 866 1538 Tyrcae

172 1545 211 1605 Et
227 1550 275 1618 tu,
293 1544 442 1602 femineae
455 1543 649 1604 Thermodon
668 1543 790 1618 cognite
807 1551 935 1619 turmae,

214 1628 253 1687 Et
271 1627 426 1703 quondam
441 1626 540 1686 Graiis
553 1626 645 1687 Phasi
660 1626 753 1702 petite
772 1626 864 1689 virise

175 1710 311 1785 Cumque
328 1709 533 1788 Borysthenio
548 1709 771 1787 liquidissimus
786 1726 877 1772 amne
890 1711 1043 1789 Lycortas
1077 1784 1081 1791 Ι

214 1795 253 1854 Et
267 1794 358 1855 tacite
374 1809 525 1869 peragens
544 1796 614 1853 lenc
627 1792 800 1856 Melanthus
814 1795 887 1855 itera

128 1885 161 1937 55
176 1877 294 1952 Quique
310 1877 389 1938 duas
409 1883 523 1953 terras,
541 1878 649 1938 Asiam
668 1878 836 1954 Cadmique
849 1893 990 1941 sororem

217 1962 347 2036 Separat
360 1968 390 2021 et
410 1977 519 2022 cursus
534 1961 612 2023 inter
627 1969 788 2037 utramque
804 1962 890 2023 iacitr

173 2045 389 2120 innumerique
407 2045 473 2116 alii,
490 2059 571 2120 quos
588 2046 665 2104 inter
678 2045 831 2107 maximus
848 2061 957 2107 omues

216 2128 331 2190 cedere
344 2126 501 2188 Danubius
517 2143 553 2188 se
567 2128 635 2202 tihi,
650 2128 731 2205 Nile,
747 2137 848 2204 negat

174 2211 271 2286 copia
284 2217 329 2272 tot
343 2212 479 2284 laticum,
500 2228 578 2286 quas
594 2220 700 2286 auget,
717 2213 868 2276 adulterat
879 2213 989 2288 undas,

124 2303 159 2356 60
213 2295 277 2355 Nec
290 2295 403 2369 patitur
416 2294 499 2354 vires
518 2310 636 2370 aequor
649 2295 764 2357 habere
778 2311 863 2357 suas.

174 2377 372 2451 Quinetiam,
391 2385 500 2451 stagno
517 2379 624 2440 similis
639 2380 806 2455 pigraeque
816 2379 937 2456 paludi,

216 2461 381 2521 Caeruleus
401 2460 454 2519 vix
468 2469 516 2521 est
530 2462 717 2538 diluiturque
735 2465 832 2525 color.

172 2545 290 2605 Innatat
303 2543 387 2603 unda
401 2544 477 2605 freto
493 2545 609 2620 dulcis,
624 2547 784 2622 leviorque
801 2548 919 2609 marina
933 2556 990 2622 ast,

215 2627 298 2702 Quae
313 2628 471 2703 proprium
486 2631 581 2690 mixto
596 2630 636 2690 de
651 2631 718 2690 sale
731 2631 854 2707 pondus
867 2631 970 2694 habat

124 2718 157 2774 65
172 2710 205 2772 Si
220 2720 307 2786 roget
321 2711 397 2771 haec
412 2713 524 2786 aliquis
540 2729 593 2774 cur
607 2713 668 2774 sint
681 2721 803 2776 narrata
814 2713 941 2790 Pedoni,

215 2795 332 2868 Quidve
348 2795 432 2869 loqui
451 2797 542 2857 certis
560 2797 671 2859 iuverit
686 2798 748 2859 ista
760 2799 884 2859 modist

172 2878 308 2951 Detinui,
328 2878 443 2953 dicam,
462 2885 583 2955 tempus
604 2896 757 2957 curasque
774 2882 878 2962 fefelli.

213 2962 302 3021 Hunc
317 2963 448 3022 fructum
462 2979 613 3039 praesens
629 2966 724 3025 attulit
738 2965 816 3026 hora
830 2965 914 3026 mihi.

171 3044 312 3104 Alcimus
327 3045 434 3118 solito,
451 3046 523 3107 dum
539 3048 700 3110 scribimus
715 3049 788 3124 istu,
810 3049 927 3123 dolore,

121 3135 156 3191 io
210 3129 244 3186 In
258 3129 367 3189 mediis
387 3145 445 3190 nec
461 3147 518 3192 nos
538 3132 692 3193 sensimus
707 3147 778 3193 ease
793 3131 888 3193 Getis.

168 3211 210 3270 At
223 3217 271 3287 ta,
288 3227 350 3272 non
366 3212 487 3287 dubito,
505 3230 573 3275 cum
587 3216 721 3276 carmine
734 3215 858 3276 Thesea
869 3215 987 3289 laudes,

208 3293 353 3356 Materiae
366 3297 470 3358 titulos
486 3299 558 3374 quin
573 3306 677 3361 tueare
689 3307 769 3373 tuae,

170 3376 326 3454 Quemque
340 3382 446 3455 refers,
467 3382 583 3443 imitere
596 3384 705 3444 virum.
735 3385 830 3444 Vetat
842 3382 893 3444 ille
905 3382 1046 3460 proiecto

207 3459 372 3535 Tranquilli
387 3466 527 3526 comitam
541 3467 688 3542 temporis
704 3483 776 3528 esse
789 3466 893 3528 iidem.
