2318 3960
97 151 159 212 120
488 147 546 206 EX
565 146 714 208 PONTO

179 301 299 362 Tollere
313 298 464 360 nodosam
479 297 578 360 nescit
591 297 744 358 medicina
757 276 939 376 podagram,

221 384 284 445 Nec
299 382 467 444 formidatis
481 381 643 443 auxiliatur
656 381 755 457 aquis.

129 479 164 530 25
180 468 258 529 Cura
273 482 396 543 quoque
411 465 561 526 interdum
575 465 658 526 nulla
672 465 861 528 medicabilis
876 475 957 542 artua

223 555 298 624 Ant,
312 558 346 610 ut
360 551 413 621 sit,
430 551 521 624 longa
535 557 584 610 est
597 550 781 610 attenuanda
800 566 896 611 mora.

181 636 255 697 Cum
268 633 347 694 bene
362 635 519 694 firmarunt
532 632 666 693 animum
681 640 846 710 praecepto
859 633 1020 711 iacentem.

223 717 413 794 Sumptaque
427 724 499 777 sunt
513 716 603 778 nobis
618 716 752 792 pectoris
768 733 852 777 arma
865 719 918 794 tui,

179 805 298 863 Rursus
314 817 400 861 amor
415 801 531 876 patriae
543 800 661 860 ratione
677 801 825 861 valentior
840 803 922 862 omni

128 893 164 948 30
222 885 310 959 Quod
324 892 376 944 tua
390 891 553 945 texuerunt
566 884 696 959 scripta,
710 884 822 945 retexit
836 900 927 962 opus.

180 971 252 1029 Sive
269 969 351 1043 pium
366 968 415 1028 vis
429 968 503 1042 hoc,
519 969 586 1028 sive
600 968 660 1028 boc
674 968 822 1029 muliebre
834 969 950 1045 vocari,

223 1053 377 1114 Confiteor
390 1052 503 1112 misero
518 1053 610 1112 molle
625 1067 680 1112 cor
694 1068 766 1113 esse
781 1052 864 1112 mihi.

177 1137 244 1196 Non
260 1135 354 1196 dubia
368 1144 416 1197 cst
430 1135 523 1196 ithaci
539 1135 709 1211 prudentia.
744 1137 802 1196 sed
817 1144 918 1197 tamen
933 1145 1021 1215 optat

221 1220 349 1281 Fumum
365 1221 405 1281 de
420 1220 526 1295 patriis
541 1235 638 1295 posse
652 1218 759 1279 videre
774 1221 863 1282 iocis.
889 1277 891 1281 Α

127 1311 161 1368 35
176 1304 287 1366 Nescio
304 1320 364 1380 qua
378 1306 478 1364 natale
493 1304 593 1364 solum
608 1303 772 1364 dulcedine
787 1312 896 1380 captos

219 1386 323 1463 Ducit,
339 1395 370 1448 et
383 1387 566 1447 inmemores
582 1403 642 1446 nou
659 1386 730 1447 sinit
743 1403 816 1448 esse
829 1389 887 1449 sui.

178 1472 255 1546 Quid
271 1471 380 1531 melius
394 1473 513 1532 Romal
540 1469 685 1546 Scythico
701 1470 776 1547 quid
791 1471 904 1548 frigore
920 1471 1033 1548 peiust

220 1557 287 1615 lluo
301 1561 402 1615 tamen
418 1569 458 1613 ex
472 1555 523 1613 illa
536 1553 687 1614 barbarus
701 1554 777 1614 urbe
792 1555 877 1631 rugit

178 1640 252 1699 Cum
265 1637 346 1698 bene
361 1638 401 1698 sit
416 1639 540 1698 clausae
555 1653 651 1697 cavea
664 1637 821 1699 Pandione
835 1646 935 1715 name,

127 1733 162 1784 40
217 1722 326 1782 Nititur
339 1721 369 1780 in
386 1722 482 1782 silvas
497 1721 549 1781 illa
562 1721 663 1781 redire
678 1738 762 1781 suas.

63 1830 67 1834 ’
175 1807 332 1866 Adsuetos
346 1805 423 1865 tauri
438 1807 548 1878 saltus,
565 1805 695 1865 adsueta
708 1805 846 1868 leones...

217 1890 280 1949 Nec
294 1888 398 1950 feritas
415 1888 484 1949 illos
499 1889 656 1963 impedit...
671 1897 758 1950 antra
771 1897 885 1965 petunt.

175 1976 219 2034 Tu
233 1981 332 2034 tamen
349 1973 431 2034 exilii
445 1989 567 2033 morsus
582 1989 600 2032 e
614 1980 740 2048 pectore
755 1982 861 2035 nostro

216 2056 372 2119 Fomentis
387 2074 496 2133 speras
512 2056 623 2116 cedere
638 2072 735 2132 posse
749 2057 819 2118 tuis.

127 2148 161 2203 45
175 2140 287 2213 Effice,
308 2157 366 2202 vos
382 2140 495 2216 ipsine
510 2147 571 2200 tarn
584 2139 657 2199 mibi
672 2140 740 2200 sitis
754 2145 891 2202 amandi:

218 2223 342 2284 Talibus
358 2232 392 2285 ut
406 2224 505 2284 levius
520 2224 559 2284 sit
574 2223 711 2284 caruisse
725 2225 847 2286 malum.

176 2309 230 2379 At,
247 2315 337 2382 puto,
354 2324 415 2381 qua
429 2308 546 2368 sueram
560 2308 695 2382 genitus,
711 2308 818 2368 tellure
833 2310 948 2371 carenti

218 2391 250 2449 ln
266 2397 366 2450 tamen
382 2391 516 2452 humano
532 2390 657 2465 contigit
670 2407 743 2452 esse
756 2394 837 2452 loco.

176 2473 265 2534 Orbis
281 2475 311 2534 in
327 2474 454 2535 extremi
469 2474 556 2536 iaceo
572 2475 713 2537 desertus
729 2476 840 2550 arenis,

125 2569 160 2622 50
215 2557 286 2618 Fert
298 2557 350 2619 ubi
365 2565 531 2634 perpetuas
547 2558 655 2620 obruta
668 2565 750 2620 terra
763 2558 862 2620 nives.

174 2641 241 2702 llon
257 2657 331 2718 ager
344 2641 394 2703 hic
408 2657 549 2718 pomum,
564 2658 626 2702 non
641 2642 748 2704 dulces
763 2643 874 2705 educat
886 2641 1008 2718 herbas,

216 2725 283 2787 Non
302 2726 414 2786 salices
428 2726 511 2802 ripa,
527 2726 639 2787 robora
654 2734 757 2788 monte
775 2728 885 2788 virent.

173 2809 257 2869 Neve
272 2811 380 2870 fretum
393 2817 474 2870 terra
488 2809 597 2870 landes
611 2810 724 2885 magis,
741 2825 877 2886 aequora
891 2826 1014 2888 semper

216 2895 385 2954 Ventorum
399 2894 483 2953 rabie
498 2893 616 2955 solibus
632 2895 708 2955 orba
721 2901 846 2955 tument

125 2988 160 3040 5⁵
175 2978 374 3052 Quocumque
389 2977 538 3053 aspicias,
555 2978 654 3053 campi
670 2978 786 3038 cultore
801 2984 940 3039 carentes

215 3062 391 3136 Vastaque,
408 3078 488 3137 quac
502 3077 592 3123 nemo
606 3061 756 3137 vindicet,
770 3077 846 3122 arva
860 3061 970 3122 iacent

173 3143 279 3205 Hostis
294 3145 384 3206 adest
397 3145 504 3206 dextra
521 3146 672 3220 laevaque
686 3161 706 3205 a
718 3152 807 3221 parte
820 3143 984 3220 timendus,

216 3226 389 3302 vicinoque
403 3237 484 3290 metu
498 3237 590 3290 terret
603 3235 765 3305 utrumque
779 3230 869 3290 latus.

171 3311 276 3372 Altera
289 3310 444 3373 Bistonias
459 3330 531 3389 pars
546 3319 594 3374 est
606 3328 738 3374 seusina
751 3310 902 3374 sarissasa

123 3403 160 3458 60
214 3395 319 3454 Altera
334 3392 502 3457 Sarmatica
515 3395 635 3474 spicula
648 3395 743 3458 missa
758 3411 860 3458 manu
