2318 3960
98 199 138 263 40
493 196 718 258 TRISTIUM

222 351 366 428 Spesque
380 350 422 410 tui
440 348 528 408 nobis
544 362 638 408 ceusu
653 348 766 422 vigoris
782 348 847 408 erit.

128 446 162 500 ae
176 436 256 511 Ergo
273 449 330 508 ego
346 449 414 493 sum
431 431 540 492 dubius
556 431 650 502 vitae,
672 439 704 491 tu
720 431 846 492 forsitan
861 430 933 494 istic

221 517 390 579 Iucundum
404 516 501 575 nostri
516 514 621 574 nescia
638 521 757 591 tempus
773 516 862 590 ogist

179 603 245 663 Non
260 600 341 675 agis,
362 599 500 659 adfirmo.
519 598 613 673 liquet
627 597 702 672 hoc,
724 598 898 672 carissima,
915 597 1021 674 nobis,

219 687 353 758 Tempus
370 684 419 758 agi
434 681 501 742 sine
515 697 563 741 me
579 696 640 740 non
656 681 714 743 nisi
729 683 817 742 triste
828 681 889 743 tibi.

179 769 211 829 Si
226 776 327 828 tamen
342 766 468 840 inplevit
486 781 556 825 mea
572 781 655 836 som,
678 781 756 838 quos
778 765 893 839 debuit,
913 779 1026 841 annos,

128 873 163 926 30
219 852 257 910 Et
272 850 344 909 mihi
359 850 482 909 vivendi
498 857 559 909 tam
574 849 632 909 cito
648 848 719 908 finis
735 849 840 909 adest:

178 935 326 1009 Quantum
344 939 422 1007 erat,
443 933 593 1008 omagm,
615 933 759 992 morituro
775 947 918 1008 parcere,
936 931 1012 1007 divi,

219 1017 258 1078 Ut
273 1018 380 1076 soltem
396 1018 494 1091 patria
509 1015 734 1075 contumularer
747 1015 861 1076 humet

177 1101 235 1160 Vel
251 1115 353 1175 poena
365 1100 396 1158 in
411 1107 531 1175 tempus
547 1097 652 1157 mortis
668 1099 760 1158 dilata
776 1099 893 1170 fuisset,

218 1184 277 1243 Vel
293 1183 503 1259 praecepisset
517 1197 600 1241 mors
620 1189 788 1256 properata
803 1184 914 1258 lugam.

126 1282 160 1336 ³5
176 1269 299 1342 integer
312 1266 391 1326 hono
406 1267 492 1340 potui
508 1281 607 1340 nuper
622 1264 700 1325 bene
713 1265 845 1326 reddere
858 1267 973 1325 lucem:

216 1350 295 1410 llxul
309 1358 342 1410 ut
356 1350 542 1421 occiderem,
564 1365 644 1409 nunc
659 1349 731 1408 mihi
748 1349 809 1409 vita
823 1350 895 1410 data
910 1355 968 1410 est

174 1437 248 1495 Tam
262 1433 371 1508 procul
386 1433 499 1508 ignotis
514 1433 604 1508 igitur
624 1432 788 1492 moriemur
801 1433 832 1491 in
848 1433 921 1505 oris,

215 1517 252 1577 Et
266 1518 341 1576 fient
353 1517 423 1590 ipso
441 1515 537 1575 tristia
552 1516 615 1575 iata
629 1514 721 1575 locot

174 1601 236 1660 Nec
256 1615 325 1658 mea
339 1606 488 1659 consueto
504 1599 703 1673 languescent
718 1613 850 1675 corpora
864 1600 969 1658 tectot

123 1695 158 1748 40
214 1683 395 1757 Depositum
409 1698 466 1741 nec
481 1697 529 1740 me
545 1682 596 1756 qui
611 1679 697 1756 fleat,
713 1684 793 1744 ullus
810 1684 888 1743 eritt

174 1767 237 1826 Neo
252 1765 395 1825 dominae
410 1766 542 1827 lacrimis
558 1766 588 1825 in
605 1773 710 1826 nostra
725 1766 904 1828 cadentibus
921 1781 977 1826 ora

215 1848 375 1910 Accedent
389 1850 508 1909 animae
522 1857 660 1925 tempora
676 1866 771 1925 parva
785 1857 893 1910 meoet

173 1933 235 1992 Nec
251 1933 393 1994 mandata
408 1933 502 2008 dabo,
518 1949 575 1994 nec
590 1949 659 1994 cum
674 1935 808 1994 clamore
822 1947 966 2010 supremo

214 2016 367 2077 Labentes
384 2018 491 2078 oculos
508 2018 619 2077 condet
633 2017 732 2078 amica
750 2024 881 2077 manust

126 2099 237 2167 oesed
250 2100 317 2159 sine
332 2100 490 2161 funeribus
506 2109 597 2175 caput
611 2099 687 2175 hoc,
703 2100 771 2160 sine
786 2101 904 2163 honore
920 2099 1056 2178 sepulcri

214 2183 441 2258 indeploratum
457 2183 587 2242 barbara
601 2191 681 2243 terra
696 2191 797 2258 tegett

171 2265 305 2341 Ecquid,
322 2272 354 2325 ut
367 2266 518 2341 audieris,
537 2272 600 2327 tota
614 2267 776 2327 turbabere
790 2273 899 2341 mente,

213 2348 251 2408 111
266 2348 358 2408 feries
374 2350 490 2425 pavida
504 2357 629 2425 pectore
648 2351 712 2411 lida
726 2358 837 2411 manat

172 2432 306 2507 Ecquid,
323 2432 352 2491 in
368 2433 424 2493 has
440 2434 552 2495 trustra
567 2436 696 2494 tendens
714 2443 764 2496 tua
778 2435 904 2495 brechia
917 2443 1036 2511 partes,

122 2528 154 2579 50
209 2514 360 2576 clamabis
376 2517 479 2577 miseri
494 2534 605 2578 nomen
620 2521 710 2578 inane
727 2519 803 2577 virit

170 2601 266 2660 Parce
282 2606 382 2660 tamen
400 2602 535 2661 lacerare
550 2618 661 2677 genas,
682 2617 739 2662 nec
759 2602 869 2662 scinde
886 2602 1033 2679 capillos:

212 2683 279 2744 Non
294 2682 347 2742 tibi
362 2700 442 2744 nunc
456 2685 601 2760 primum,
617 2688 669 2746 lux
684 2702 767 2759 mea,
782 2692 889 2760 raptus
904 2700 969 2746 ero.

171 2767 245 2826 Cum
261 2768 389 2842 patriam
410 2769 512 2840 amisi,
528 2776 600 2831 tunc
615 2786 663 2829 me
678 2771 809 2844 periisse
823 2775 938 2845 putato.

215 2849 255 2909 Et
267 2849 353 2924 prior
368 2859 398 2911 et
412 2851 536 2926 gravior
550 2869 632 2913 mors
649 2854 703 2912 luit
717 2854 769 2913 illa
783 2853 865 2912 mihi.
893 2904 896 2909 ,

120 2945 153 2997 ⁵5
167 2935 262 3007 Nunc,
276 2935 303 2993 si
314 2934 392 2994 torte
404 2941 534 3011 potes...
547 2937 604 2996 sed
617 2952 678 2997 non
690 2943 794 3012 potes,
814 2935 929 3012 optima
941 2937 1096 2998 coniunx..

212 3015 320 3076 Finitis
334 3021 436 3092 gaude
451 3027 496 3081 tot
509 3020 582 3080 mihi
596 3028 693 3080 morte
708 3021 807 3080 malis.

172 3100 260 3175 Quod
275 3107 380 3176 potes,
396 3112 529 3164 extenua
543 3104 612 3164 lorti
628 3105 708 3164 mata
724 3105 818 3164 corde
831 3103 970 3176 terendo,

211 3184 262 3243 Ad
278 3201 358 3258 quae
373 3187 552 3262 iampridem
566 3205 627 3248 non
642 3189 718 3247 rude
733 3194 842 3264 pectus
857 3187 965 3248 hebes.

170 3271 274 3341 Atque
288 3268 403 3329 utinam
419 3278 545 3346 pereant
560 3273 680 3331 animae
695 3287 764 3332 oum
784 3286 916 3348 corpore
931 3276 1066 3346 nostrae,

118 3355 154 3409 tto
211 3348 405 3428 effugiatque
419 3352 530 3413 avidos
546 3370 618 3429 pars
634 3354 707 3414 mihi
721 3355 805 3415 nulle
818 3371 924 3430 rogos.

168 3433 244 3494 Nam
259 3434 287 3496 si
301 3439 400 3496 morte
415 3449 523 3496 carens
540 3453 636 3498 vactro
653 3438 735 3499 volat
749 3439 827 3498 altus
846 3439 874 3497 in
891 3453 966 3498 aura
