2318 3960
100 178 160 243 lt‘l
494 175 553 239 EX
575 175 721 238 Porro

126 333 168 423 t.
225 363 378 426 uxoar.

181 463 247 558 lam
261 499 334 558 mihi
349 499 482 560 deterior
496 499 580 558 canis
596 499 767 574 aspergitur
780 503 881 559 aetas:

221 585 346 657 lamque
360 600 446 644 meos
462 583 564 643 vultus
579 598 656 657 ruga
670 582 776 642 senilis
791 589 873 643 arat:

179 668 241 725 lam
256 668 344 741 vigor
359 674 388 726 et
403 682 518 742 quasso
533 665 678 740 languent
692 666 723 725 in
738 681 868 741 corpore
882 665 981 726 vires:

220 751 291 823 Nec,
316 751 417 810 iuveni
433 752 518 811 lusus
534 751 586 826 qui
601 751 755 826 placuere,
777 750 889 811 iuvant

149 834 248 909 5Nec,
271 835 297 893 si
312 850 361 894 me
376 835 475 894 subito
492 834 608 909 videas,
631 849 802 908 agnoscere
815 833 937 910 possis:

175 970 179 978 .
219 918 336 978 Aetatis
352 919 432 978 iacta
447 924 494 978 est
507 925 589 978 tanta
603 919 691 977 ruina
705 933 803 978 meae.

179 1002 332 1063 Confiteor
346 997 447 1062 lacere
461 1003 521 1062 hoc
536 1019 644 1062 annos.
675 1001 733 1061 sed
747 1008 777 1061 et
791 1003 886 1062 altera
902 1017 997 1062 cansa
1012 1009 1070 1079 cst,

97 1146 100 1156 ,
219 1086 366 1147 Anxietas
381 1085 472 1146 animi
488 1087 712 1161 continuusque
726 1085 822 1145 labor.

177 1170 252 1229 Nam
267 1185 336 1229 mea
352 1186 407 1244 per
420 1169 532 1244 longos
549 1169 575 1228 si
590 1168 659 1243 quis
673 1170 755 1229 mala
769 1170 888 1244 digerat
901 1187 1011 1247 annos,

139 1266 170 1319 to
223 1253 320 1312 Crede
335 1254 417 1326 mihi,
438 1253 526 1332 Pylio
540 1252 669 1313 Nestore
683 1254 781 1313 maior
795 1269 859 1315 ero.

178 1337 282 1397 Cernis
298 1344 331 1397 ut
344 1338 374 1396 in
391 1339 516 1398 duris
531 1343 562 1397 ct
576 1337 649 1412 quid
664 1337 746 1397 bove
759 1338 933 1398 firmiust...
948 1339 1034 1401 arvis

218 1420 320 1482 Fortia
334 1428 489 1481 taurorum
505 1437 636 1497 corpora
650 1422 769 1498 frangat
784 1437 873 1497 opus.

177 1505 260 1579 Quae
275 1521 439 1580 numquam
456 1520 555 1565 vacuo
572 1504 663 1565 solita
676 1513 724 1565 est
738 1521 862 1566 cessare
876 1507 989 1583 novali,

217 1589 377 1648 Fructibus
392 1588 528 1649 assiduis
544 1590 629 1649 lassa
643 1590 779 1650 senescit
792 1589 912 1651 humus.

137 1682 168 1733 15
181 1671 314 1745 Occidet,
333 1672 373 1731 ad
388 1672 460 1730 circi
474 1673 572 1747 siquis
588 1673 752 1734 certamina
766 1689 889 1750 semper

217 1757 284 1816 Non
299 1754 479 1817 intermissis
495 1755 637 1817 cursibus
651 1756 706 1816 ibit
719 1773 828 1833 equus.

174 1838 274 1899 Fimna
288 1839 327 1899 sit
339 1839 391 1899 illa
405 1839 483 1915 licet,
506 1842 643 1901 solvetur
656 1841 686 1900 in
702 1856 837 1916 aequore
850 1842 949 1916 navis,

217 1923 301 1997 Quae
315 1920 478 1998 numquam
494 1924 618 2001 liquidis
634 1925 718 1985 sicca
732 1924 847 1985 carebit
861 1925 961 2001 aquis.

173 2007 223 2066 Me
239 2023 363 2084 quoque
378 2007 514 2069 debilitat
528 2008 625 2068 series
640 2008 779 2069 inmensa
792 2010 951 2084 malorum,

131 2104 168 2155 πο
219 2091 299 2151 Ante
313 2107 414 2151 meum
429 2100 550 2167 tempus
566 2092 647 2167 cogit
661 2100 692 2154 et
706 2108 778 2154 esse
791 2094 909 2153 senem.

175 2174 241 2234 Otia
257 2190 371 2250 corpus
387 2177 478 2249 alunt,
502 2177 621 2235 animus
638 2193 762 2253 quoque
776 2177 915 2252 pascitur
927 2177 1003 2238 illis:

215 2258 391 2319 Inmodicus
408 2265 514 2319 contra
529 2260 625 2335 carpit
639 2267 800 2335 utrumque
813 2261 912 2320 labor.
965 2257 968 2261 ’

173 2341 298 2416 Aspice,
319 2341 349 2400 in
364 2341 421 2402 has
435 2343 532 2418 partis
549 2343 630 2417 quod
647 2345 765 2404 venerit
777 2345 904 2406 Aesone
919 2353 1020 2422 nattis,
1046 2392 1049 2397 »

217 2426 312 2497 Quam
327 2425 448 2486 laudem
464 2442 567 2487 asera
582 2428 761 2502 posteritate
775 2428 861 2488 ierat.

130 2518 165 2571 25
175 2511 215 2566 At
229 2508 316 2568 labor
330 2509 410 2569 illius
425 2516 531 2571 nostro
547 2511 706 2586 leviorque
719 2512 880 2587 minorque
894 2518 952 2587 est,

214 2590 247 2651 Si
262 2593 354 2653 modo
370 2610 431 2655 non
445 2609 552 2654 vemm
567 2595 690 2655 nomina
704 2611 814 2671 magna
826 2601 980 2671 premunt.

172 2676 225 2734 illc
240 2676 331 2737 estin
346 2676 473 2737 Pontum
487 2677 570 2738 Pelia
583 2679 719 2740 mittente
733 2682 898 2755 proiectus,

216 2760 270 2834 Qui
286 2761 339 2820 rix
352 2761 528 2821 Thessaliae
543 2763 604 2823 fine
619 2763 771 2824 timendus
786 2770 859 2824 erat.

172 2843 312 2905 Caesaris
327 2845 372 2904 ira
387 2845 459 2905 mihi
474 2847 586 2922 nocuit,
611 2863 700 2921 quem
717 2847 793 2908 solis
807 2847 847 2906 ab
863 2853 933 2909 ortu
1006 2847 1009 2853 '

129 2936 165 2990 30
216 2926 299 2989 Solis
314 2928 354 2988 ad
371 2944 502 2990 occasus
518 2936 648 3006 utraque
662 2939 742 2991 terra
756 2931 864 2990 tremit.
924 2964 927 2969 -

171 3010 304 3073 iunctior
316 3012 486 3074 Haemonia
502 3021 549 3074 est
562 3013 670 3088 Ponto,
691 3032 782 3089 quarn
796 3016 903 3089 Roma,
924 3013 1060 3090 sinistro,

212 3095 249 3156 Et
263 3096 397 3172 brevius,
423 3114 515 3172 quam
530 3114 597 3169 nos,
620 3099 671 3158 ille
686 3098 805 3174 peregit
817 3097 883 3158 iter.

170 3177 223 3237 ille
238 3179 343 3241 habuit
357 3181 484 3242 comites
500 3181 617 3256 primos
632 3183 747 3243 telluris
762 3181 917 3242 Achivae:

212 3264 253 3320 At
267 3271 402 3324 nostram
418 3265 518 3326 cuncti
534 3267 701 3326 destituere
716 3267 828 3342 lugam.

128 3352 162 3404 35
173 3344 236 3406 Nos
252 3347 349 3420 fragili
364 3349 446 3422 ligno
463 3355 582 3410 vastum
599 3350 784 3410 sulcavimus
794 3365 935 3425 aequora

213 3427 297 3502 Quae
312 3431 377 3491 tulit
389 3432 578 3502 Aesoniden.
600 3448 690 3495 sacra
703 3435 807 3494 carina
821 3433 888 3498 luit.
