2318 3960
403 217 460 293 IV,
483 215 537 293 lc,
560 215 701 291 37-11,
725 217 776 279 22.
1037 216 1099 282 lca

115 383 153 441 ts
165 374 222 449 Qui
238 387 423 449 quamquam
438 379 485 431 est
499 369 587 428 lactis
602 370 710 443 ingens
726 377 755 431 et
770 371 910 431 conditur
925 385 943 430 a
956 377 986 431 le

203 457 259 516 Vir
272 471 366 528 tantu,
387 461 499 529 quanto
517 452 621 512 debuit
636 469 689 513 cre
706 455 782 528 cani,

161 542 217 601 Est
231 547 331 600 tamen
347 555 386 598 cx
400 538 451 597 illo
467 535 557 596 nobis
571 535 716 596 imitabile
731 538 893 612 quiddam=

203 624 299 699 Inque
314 623 376 682 fide
390 621 527 682 Theseus
544 619 671 695 quilibet
684 636 755 682 esse
770 629 881 698 potest.

162 709 230 769 Non
244 706 299 768 tibi
313 712 384 766 sunt
396 706 504 766 hostes
519 705 599 764 lerro
615 705 765 780 clavaque
780 707 933 778 domandi,

116 803 155 858 sc
207 793 265 852 Per
281 806 359 866 quos
376 789 429 849 vix
441 789 494 848 ulli
509 788 633 864 pervius
648 788 779 851 Isthmos
795 799 874 851 erat:

163 877 227 938 Sed
241 875 445 952 praestandus
459 889 554 946 amor,
577 887 626 930 res
644 888 705 932 non
721 890 855 950 operosa
871 874 993 935 volenti.

205 960 278 1034 Quis
292 959 381 1018 labor
394 966 441 1018 est
451 972 559 1033 puram
574 971 636 1015 non
651 963 820 1018 temerasse
835 960 949 1018 fidem?

162 1045 247 1104 Haec
261 1043 324 1118 tibi,
347 1042 398 1118 qui
413 1049 533 1118 perstas
548 1039 750 1102 indeclinatus
766 1042 874 1114 amico,

204 1129 271 1187 Non
286 1133 334 1188 est
349 1127 432 1201 quod
448 1126 553 1200 lingua
567 1123 648 1182 dicta
664 1132 809 1198 querente
824 1131 923 1201 putes.

77 1315 151 1408 11.
208 1344 444 1406 ananiam.

168 1427 279 1536 Gallio,
303 1464 417 1523 crimen
434 1462 490 1522 erit
503 1461 556 1521 vix
571 1461 748 1522 excusabile
762 1461 862 1534 nobis,
944 1533 946 1537 y

209 1547 347 1608 Carnrine
361 1554 391 1606 tc
405 1561 517 1605 namen
531 1561 593 1605 non
607 1545 755 1606 habuisse
769 1561 849 1606 mec.

163 1634 209 1692 Tu
224 1647 348 1707 quoque
363 1631 473 1690 enim...
489 1631 641 1690 memini...
660 1631 784 1691 caelesti
800 1631 929 1706 cuspide
946 1631 1026 1692 facta

206 1715 323 1775 Fovisti
338 1714 469 1774 lacrimis
484 1715 612 1773 vulnera
627 1719 733 1774 nostra
748 1714 816 1774 tuis.

133 1801 266 1873 5Atque
280 1798 392 1859 utinam
406 1797 486 1874 rapti
501 1799 617 1858 iactura
633 1798 737 1858 laesus
751 1799 840 1858 amici

206 1881 367 1943 Sensisses
384 1882 469 1955 ultra,
493 1881 577 1956 quod
592 1897 764 1957 quererere,
785 1883 873 1941 nillil!

163 1968 231 2027 Nan
245 1967 287 2026 ita
302 1966 350 2027 dis
364 1966 487 2041 placuit,
510 1965 604 2039 quite
619 1965 755 2039 spoliare
772 1968 884 2041 pudica

205 2050 341 2124 Coniuge
356 2049 497 2109 crudeles
512 2065 574 2109 non
589 2048 724 2108 habuere
738 2051 836 2110 nefas.

163 2134 273 2195 Nuntia
288 2149 357 2193 narn
372 2135 471 2195 luctus
487 2133 559 2192 milri
574 2147 673 2207 nuper
687 2134 819 2208 epistola
833 2134 932 2194 venilz

120 2227 157 2286 10
208 2219 363 2293 Lectaque
378 2234 444 2277 cum
460 2216 592 2276 lacrimis
608 2223 679 2277 sunt
694 2223 743 2277 tua
759 2218 871 2278 damna
885 2218 970 2278 meis.

165 2302 229 2363 Sed
244 2317 344 2375 neque
359 2303 539 2378 prudentem
555 2300 648 2361 solari
665 2302 784 2362 stultior
799 2303 906 2377 ausim,

206 2385 372 2460 Verbaque
387 2387 546 2446 doctorum
562 2392 633 2445 nota
647 2385 763 2446 referre
776 2386 846 2448 tibi:

164 2470 357 2545 Finitumque
373 2477 464 2543 tuum,
487 2469 514 2529 si
529 2483 590 2527 non
607 2469 733 2543 ratione,
758 2471 895 2531 dolorem

207 2555 281 2629 Ipsa
294 2554 354 2613 iarn
370 2554 489 2628 pridem
504 2552 647 2626 suspicor
662 2568 733 2612 esse
747 2571 841 2614 mora.

120 2648 157 2702 15
168 2640 246 2698 Itum
259 2644 312 2698 tua
327 2638 472 2712 pervenit,
495 2638 568 2696 dum
580 2635 678 2694 littera
692 2643 797 2698 nostra
810 2653 972 2698 recurrens

206 2722 262 2780 Tot
275 2724 371 2781 maria
386 2737 422 2781 ac
436 2728 533 2780 terras
550 2727 696 2793 permeat,
719 2737 817 2780 annus
832 2721 903 2781 abit.

164 2806 323 2881 Temporis
339 2806 474 2866 cilicium
488 2802 605 2863 solacia
620 2803 723 2862 dicere
737 2806 811 2864 certi
826 2812 882 2878 est,

205 2890 282 2949 Dum
298 2889 388 2949 dolor
401 2889 432 2948 in
447 2903 541 2948 cursu
555 2893 610 2958 est,
633 2887 704 2947 dum
719 2889 793 2962 petit
808 2904 900 2964 aeger
916 2904 1014 2964 opem.

164 2980 205 3032 At
219 2989 287 3032 cum
302 2975 395 3049 longa
409 2974 476 3032 dies
491 2972 611 3031 sedavit
626 2971 751 3031 vulnera
766 2973 884 3044 mentis,

118 3067 157 3120 20
209 3058 425 3133 intempestive
441 3056 492 3131 qui
509 3057 592 3115 lavet
606 3055 665 3126 illu,
688 3064 790 3116 novat.

164 3141 257 3201 Adde
272 3143 386 3216 quod...
402 3148 494 3216 atque
514 3139 627 3198 utinam
642 3154 747 3197 verum
762 3140 816 3200 tibi
832 3139 950 3202 venerit
965 3146 1102 3202 ament...

207 3225 355 3300 Coniugio
370 3227 443 3286 felix
457 3225 518 3285 iam
531 3230 621 3301 potes
637 3236 708 3282 esse
723 3240 815 3284 novo.
