2318 3960
434 235 462 309 l,
484 235 520 311 9,
541 235 680 311 50-11,
702 236 730 300 7.

164 387 269 447 Saltus
284 387 323 447 ab
337 386 395 447 hac
410 395 489 448 terra
504 389 606 448 brevis
623 396 669 449 est
682 392 835 468 Tempyra
850 391 976 465 petenti.

204 471 268 531 Hac
284 470 440 532 dominum
454 477 543 532 tenus
557 479 605 531 est
619 471 670 531 illa
683 480 790 534 secuta
805 491 903 535 suurn.

161 554 238 613 Num
252 553 325 613 mihi
338 554 493 616 Bistonios
508 555 622 629 placuit
636 557 716 630 pede
731 573 858 633 carpere
874 573 999 632 campos

200 637 466 712 Hellespontiacas
481 639 532 700 illa
545 639 651 713 relegit
665 657 772 716 aquas,

109 731 146 783 25
161 720 410 796 Dardaniamqm
424 723 506 797 petit,
523 723 655 783 auctoris
670 740 780 786 nomen
794 724 965 798 habentem,

202 804 241 863 Et
254 810 284 864 te
298 804 439 879 33313313,
455 807 633 880 Lampsaco,
649 815 712 868 tuta
727 810 795 883 deo,

158 889 287 962 Quaque
301 904 357 963 per
372 896 518 963 angustas
533 896 639 949 vectae
654 894 732 952 male
746 891 873 967 virginis
888 891 987 950 undas

199 970 311 1031 Seston
325 971 479 1050 Abydena
493 981 618 1049 separat
631 976 707 1035 urbe
721 977 838 1049 fretum,

158 1055 299 1130 Hlnoque
313 1054 524 1131 Propontiacis
538 1056 711 1120 haerentem
727 1061 860 1138 Cyzicon
877 1059 948 1128 oris,

109 1146 147 1201 33
206 1138 348 1216 Cyzicon,
364 1140 550 1199 Haemoniae
565 1141 666 1201 nobile
679 1145 777 1217 gentis
794 1160 881 1218 opus,

161 1222 289 1297 Quaque
302 1229 405 1285 tenent
419 1224 506 1284 Ponti
519 1224 668 1302 Byzantia
682 1227 771 1287 litora
785 1229 905 1287 lauces:

200 1306 256 1365 Hic
271 1308 358 1367 locus
375 1315 423 1368 est
436 1307 548 1382 gemini
562 1308 653 1368 ianua
668 1316 754 1369 vasta
768 1311 869 1369 maris.

161 1390 256 1464 llaec,
272 1406 391 1464 precor,
409 1392 536 1464 3313331,
553 1394 766 1468 propulsaque
780 1392 903 1452 flatibus
919 1390 1012 1451 austri

201 1473 350 1534 Transeat
363 1476 519 1536 instabiles
535 1481 660 1535 strenua
675 1476 814 1553 Cyaneas

111 1566 148 1621 35
163 1556 423 1635 Thyoniaoosque
439 1559 534 1631 sinus,
551 1566 580 1617 31
595 1559 633 1618 ab
650 1559 697 1619 his
712 1575 768 1635 per
781 1558 932 1635 Apollinis
948 1560 1054 1618 urbem

205 1642 277 1701 Alta
291 1643 350 1702 sub
365 1641 504 1702 Anchiali
518 1642 639 1702 moenia
654 1643 749 1704 findat
762 1643 827 1703 1133.

162 1724 238 1785 Inde
252 1724 491 1786 Mesembriacos
507 1731 614 1800 portus
630 1735 660 1786 31
675 1725 816 1788 Odesson
831 1733 861 1786 et
875 1741 962 1786 arces

126 1815 129 1818 ’
208 1808 381 1870 Ρ333133331
396 1808 492 1868 (113133
508 1810 639 1880 nomine,
654 1810 784 1884 Bacche,
799 1818 861 1884 tuo,

163 1891 201 1951 Et
216 1908 296 1967 quos
310 1891 451 1952 Alcathoi
468 1901 637 1953 memorant
651 1910 668 1952 a
683 1894 842 1954 moenibus
859 1900 942 1953 ortos

111 1983 148 2036 40
206 1973 337 2036 Sedibus
352 1975 400 2035 his
416 1977 566 2051 profugos
582 1977 779 2036 constituisse
793 1977 883 2036 lares.

160 2060 189 2118 A
205 2058 315 2133 quibus
331 2059 473 2120 adveniat
486 2059 620 2118 Miletida
635 2074 747 2133 sospes
762 2059 802 2118 ad
816 2060 931 2130 urbem,

202 2140 317 2202 0113331
333 2159 393 2217 quo
408 2159 457 2202 me
473 2142 618 2216 compulit
632 2143 676 2201 133
691 2143 749 2201 dei.

161 2227 247 2285 Hanc
261 2225 288 2284 31
304 2226 470 2300 contigerit,
486 2227 610 2286 meritae
626 2226 714 2285 cadet
728 2241 807 2300 agna
821 2225 991 2285 Minervae:

204 2308 271 2370 Non
287 2310 359 2370 13311
372 2309 412 2368 ad
427 2317 550 2370 nostras
565 2308 666 2369 hostia
679 2310 777 2369 maior
792 2324 878 2384 opes.

110 2404 146 2456 45
162 2395 228 2453 Vos
241 2409 374 2468 quoque,
382 2394 584 2471 Tyndaridae,
594 2408 672 2467 quos
684 2393 761 2452 haec
773 2394 845 2453 colit
855 2390 963 2466 insula,
975 2391 1082 2450 1331333

197 2475 278 2551 Μ113,
292 2492 412 2552 precor,
429 2477 543 2552 duplici
557 2491 668 2537 numen
684 2477 790 2536 adeste
804 2477 887 2537 viaet

163 2560 268 2620 Altera
281 2576 414 2635 namque
428 2568 516 2635 parat
534 2559 758 2638 Symplegadas
773 2562 817 2619 ire
832 2575 888 2635 per
902 2567 992 2633 artas,
1105 2559 1107 2564 '

201 2641 349 2704 scindere
363 2644 516 2705 Bistonias
532 2646 626 2704 altera
640 2644 755 2718 puppis
771 2660 878 2718 aquas.

163 2730 229 2788 Vos
245 2727 343 2802 facite,
359 2735 392 2789 ut
406 2734 523 2802 ventos,
539 2730 607 2788 1333
623 2743 690 2787 curn
706 2727 828 2787 diversa
843 2734 992 2802 petamus,

112 2821 148 2872 50
204 2811 258 2870 1113
272 2826 347 2872 suos
363 2812 482 2886 habeat,
498 2827 555 2871 nec
570 2811 669 2872 minus
684 2809 736 2870 illa
751 2827 834 2871 suos.

85 2944 151 3038 Η·
163 2941 281 3040 Littera
297 2995 510 3055 quaecumque
525 2985 572 3040 est
587 2984 649 3039 toto
665 2978 718 3038 tibi
733 2980 811 3036 lecta
825 2976 936 3048 libello,

201 3063 257 3124 Est
269 3062 343 3123 mihi
358 3064 507 3124 sollicitae
522 3068 659 3138 tempore
674 3062 755 3120 13313
769 3060 847 3118 viae.
938 3084 941 3089 2

161 3149 225 3208 Aut
238 3146 316 3208 hanc
331 3163 389 3221 me,
408 3147 510 3222 gelido
525 3153 684 3206 tremerem
700 3159 768 3203 curn
784 3157 890 3202 mense
904 3142 1073 3216 Decembri,

207 3229 396 3292 Scribentem
411 3230 520 3290 mediis
535 3229 649 3289 Hadria
663 3228 739 3287 vidit
753 3228 858 3302 aquis:

127 3315 228 3389 thul,
243 3325 406 3391 postquam
420 3313 565 3374 bimarem
580 3327 671 3371 cursu
686 3310 898 3386 superavimus
914 3309 1058 3378 Isthmon,

202 3398 370 3474 Alteraque
384 3404 433 3459 est
446 3404 571 3459 nostrae
586 3403 709 3471 sumpta
724 3394 828 3455 carina
842 3395 942 3468 fugae,

161 3483 249 3558 Quod
265 3483 397 3543 lacerem
413 3497 523 3542 versus
539 3480 616 3541 inter
631 3481 696 3539 lera
710 3475 971 3618 murmurgponti,
