2318 3960
391 205 430 281 v,
453 183 503 281 ro
526 204 661 283 11-12,
682 206 713 268 r.
1012 205 1053 269 m

114 357 252 433 Utraque
267 371 368 434 poena
382 357 496 431 gravis.
529 357 627 418 merui
641 363 743 417 tamen
758 357 833 419 urbe
847 374 961 431 carere,

72 453 108 504 50
159 441 227 503 Ncn
241 440 338 502 merui
351 441 403 500 toli
417 440 544 501 forsitan
559 441 726 501 esselooo.

117 526 195 600 Quid
209 527 320 600 loquor
334 532 366 584 a!
388 524 534 584 demensi
554 523 654 599 ipsam
670 539 794 600 qnoque
809 525 939 600 perdere
955 527 1055 598 vitam,

158 609 299 669 Caesaris
315 607 435 669 offenso
450 607 583 682 numine,
605 607 717 682 dignus
732 623 825 668 eram.
1056 615 1061 623 ‘

71 743 101 838 Ι.
122 739 219 844 Quod
232 779 262 834 te
276 773 384 833 nescio
400 774 470 848 quis
485 790 542 850 per
556 776 654 850 iurgia
668 775 779 836 dixerit
792 790 864 835 esse

100 859 102 866 '
154 857 260 917 Exulis
276 871 413 931 uxorem,
436 857 534 918 littera
549 867 658 934 questa
672 866 725 919 tua
739 866 796 920 est.

116 941 247 1003 lndolui.
279 946 417 1001 nontam
432 956 501 1002 mea
516 943 600 1018 quod
615 944 737 1003 fortuna
751 943 831 1002 male
846 943 938 1017 audit,

158 1025 214 1100 Qui
228 1024 288 1085 iam
303 1027 452 1085 consuevi
467 1027 586 1087 fortiter
600 1042 672 1088 esse
688 1026 796 1086 misera

88 1110 215 1184 sQuam
231 1107 314 1183 quod
329 1109 380 1170 cui
393 1110 517 1169 minime
531 1111 651 1186 vellem,
675 1126 743 1171 sum
759 1125 854 1170 causa
867 1108 1005 1185 pudoris,

158 1195 265 1267 Teque
278 1207 351 1254 reor
364 1193 479 1253 nostris
495 1193 656 1255 erubuisse
670 1193 769 1254 malis.
905 1211 908 1215 ·

117 1278 222 1337 Perfer
236 1282 266 1337 et
280 1275 414 1337 obdurat
436 1278 529 1338 multo
545 1278 688 1352 graviora
701 1276 806 1350 tulisti,

158 1359 277 1436 Eripuit
291 1375 360 1421 curn
375 1375 424 1420 me
438 1361 585 1437 principis
600 1361 646 1421 ira
659 1358 723 1420 tibi.

117 1443 242 1505 Fallitur
254 1445 313 1504 iste
326 1451 438 1519 tamem
459 1459 521 1520 quo
536 1445 637 1506 iudice
651 1443 792 1504 nominor
805 1445 890 1503 exul=

75 1538 111 1589 ιο
162 1527 284 1588 Mollior
297 1537 346 1588 est
359 1529 480 1604 colpam
495 1543 598 1603 poena
612 1535 719 1588 secuta
732 1541 841 1586 meam.

118 1611 252 1671 Maxima
266 1626 369 1687 poena
382 1611 456 1672 mihi
470 1619 525 1686 est,
545 1612 650 1687 Ipsum
665 1611 845 1672 offendisse.
878 1609 1026 1685 priusque

159 1695 305 1756 Venisset
318 1695 440 1754 mallem
454 1691 570 1756 funeris
584 1695 663 1755 hora
676 1695 759 1755 mihi.

119 1779 240 1853 Quassa
249 1785 351 1839 tamen
363 1785 469 1839 nostra
481 1784 536 1854 est,
551 1795 614 1839 non
624 1780 722 1840 fracta
732 1793 790 1839 nec
803 1776 913 1837 obruta
925 1777 1055 1852 puppis=

159 1863 260 1937 thue
275 1869 359 1923 caret
373 1869 474 1938 portu,
497 1864 543 1923 sic
556 1870 657 1923 tamen
672 1869 756 1924 extat
769 1860 871 1938 aquis.

75 1955 109 2005 15
122 1946 184 2005 Nec
198 1947 300 2020 vitam,
323 1960 381 2006 nec
395 1961 482 2021 opes,
505 1961 563 2006 nac
577 1946 625 2007 ius
640 1946 714 2007 mihi
728 1945 805 2006 civis
820 1943 941 2018 ademit,

158 2030 242 2103 Quae
256 2030 351 2090 merui
365 2028 440 2089 vitio
456 2030 587 2105 perdere
600 2035 710 2090 cuncta
722 2045 803 2090 meo.

119 2113 181 2173 Sed
197 2114 270 2188 quia
284 2120 412 2190 peccato
429 2113 549 2174 lacinus
564 2128 626 2173 non
641 2113 739 2175 adluit
746 2113 803 2204 ⁸illi,

158 2195 205 2256 Nil
218 2196 278 2257 nisi
291 2213 341 2258 me
354 2197 460 2273 patriis
477 2197 567 2258 iussit
580 2195 693 2258 abesse
707 2198 796 2261 iocis.

117 2280 219 2354 thue
234 2280 310 2354 oli-is,
334 2296 491 2340 numerum
507 2297 637 2355 quorum
652 2279 875 2357 comprendere
889 2295 950 2340 non
965 2287 1021 2355 est,

71 2372 109 2422 20
163 2365 345 2426 Caesareum
361 2379 472 2425 numen
488 2365 534 2425 sic
547 2364 620 2424 mihi
635 2365 707 2426 mite
722 2365 786 2425 luit.

118 2448 189 2523 lpse
204 2449 338 2522 relegati,
361 2463 423 2508 non
438 2448 537 2508 exulis
552 2449 645 2508 utitur
660 2449 690 2508 in
709 2465 758 2509 me

159 2531 295 2592 Nomine.
330 2539 394 2592 tuta
408 2547 466 2591 suo
480 2531 581 2592 iudice
595 2547 691 2593 causa
704 2548 774 2593 mea
787 2539 843 2594 est.

117 2615 184 2674 lure
200 2615 290 2690 igitur
304 2616 423 2689 laudea,
447 2615 569 2688 Caesar,
590 2632 647 2691 pro
663 2625 750 2691 parte
763 2616 842 2676 virili

159 2699 298 2759 Carmina
312 2707 419 2760 nostra
432 2707 501 2758 tuas
516 2699 752 2775 qualiacumque
766 2707 892 2760 canunt=

71 2794 106 2845 25
119 2782 188 2841 lure
203 2782 290 2857 deos,
314 2790 348 2843 ut
361 2783 462 2843 adhuc
476 2783 554 2842 caeli
567 2781 622 2841 tibi
638 2783 742 2844 limina
756 2783 908 2856 claudant,

156 2864 261 2940 Teque
274 2867 368 2927 velint
382 2867 450 2927 sine
464 2881 507 2940 se,
530 2880 719 2943 comprecor,
742 2881 815 2928 esse
829 2867 929 2929 deum.

117 2947 207 3024 Optat
222 2949 303 3010 idem
319 2951 462 3026 populus.
496 2950 552 3010 sed
568 2950 644 3011 utin
659 2965 743 3010 mare
757 2949 884 3011 flumina
897 2957 1028 3023 vastum.

158 3030 209 3092 Sic
223 3034 303 3094 solet
317 3035 447 3111 exiguae
462 3047 585 3094 currere
597 3034 682 3096 rivus
698 3049 808 3110 aquae.

115 3116 156 3174 At
170 3122 202 3176 tu
217 3117 379 3193 fortunam,
403 3117 489 3178 cuius
505 3133 602 3178 vocor
616 3120 688 3178 exul
702 3117 741 3178 ab
757 3133 820 3193 ore,

72 3205 108 3258 30
159 3199 287 3262 Nomine
301 3202 442 3263 mendaci
455 3216 551 3278 parce
565 3217 695 3277 gravmc
709 3209 823 3263 meam!

71 3331 104 3422 'a
118 3327 304 3439 Scribis‚‘ut
317 3367 466 3432 oblectem
483 3371 585 3431 studio
600 3367 787 3430 lacrimabile
800 3376 934 3445 tempus,

153 3449 197 3510 Ne
210 3460 339 3528 percant
351 3452 431 3529 turpi
446 3456 572 3530 pectora
586 3460 693 3515 nostra
705 3453 776 3515 situ.
