2318 3960
492 219 719 282 Tltlsrltltt

221 375 371 455 cycladas
386 375 528 451 Aegaeas
544 373 744 447 obstupuisse
758 379 842 449 puto.

118 463 131 488 '
179 461 251 536 lpse
265 475 323 534 ego
338 474 419 520 nunc
432 459 534 532 mirm,
549 457 641 518 tantis
656 457 809 532 animique
823 454 979 533 marisque

135 553 168 606 10
221 543 377 604 Fluctibus
392 543 547 616 ingenium
561 557 622 602 non
639 540 791 601 cecidisse
804 555 915 600 meum.

179 626 241 688 Seu
256 635 364 701 stupor
378 626 449 687 huic
463 626 575 700 studio,
591 624 657 685 sive
672 629 720 684 est
733 623 854 684 insania
868 638 988 698 nomen,

224 710 327 770 Omnis
342 710 381 770 ab
395 709 454 770 hac
469 725 542 770 cura
555 724 643 768 mens
657 709 874 769 relevatamea
888 713 946 767 est.

183 793 285 868 Saepe
299 809 356 868 ego
372 792 520 855 nimbosis
536 792 647 853 dubius
662 792 799 852 iactabar
814 792 853 850 ab
867 791 991 864 Haedis,

225 875 327 952 Saepe
341 876 444 936 minax
460 876 608 950 Steropes
623 875 725 935 sidere
739 882 852 950 pontus
868 881 941 948 erat,

138 969 170 1022 15
183 960 400 1036 Fuscabatque
415 960 495 1020 diem
511 967 617 1021 custos
631 958 870 1034 Erymanthidos
885 971 987 1028 ursae,

217 1043 281 1105 Aut
293 1044 421 1121 Hyadas
437 1044 516 1104 seris
530 1043 676 1103 hauserat
689 1049 792 1103 auster
807 1042 912 1118 aquis=

185 1126 287 1202 Saepe
301 1127 394 1187 maris
410 1143 483 1202 pars
497 1127 579 1186 intus
595 1133 668 1186 erat.
688 1132 789 1186 tamen
803 1126 872 1200 ipse
887 1121 1025 1185 trementi

224 1210 364 1270 Carmina
377 1211 528 1272 ducebam
544 1211 778 1285 qualiacumque
791 1225 892 1269 manu.

182 1294 267 1354 Nunc
282 1309 407 1370 quoque
422 1295 555 1356 contenti
571 1293 701 1355 stridunt
715 1293 860 1369 aquilone
873 1292 1028 1363 rudemee‚

138 1386 173 1441 20
227 1379 324 1453 inque
338 1378 463 1440 modum
476 1379 582 1440 tumuli
597 1393 734 1439 concava
748 1377 845 1451 surgit
858 1390 947 1452 aqua.

182 1462 254 1536 lpse
268 1462 454 1536 gubernator
467 1464 578 1522 tollens
594 1463 635 1521 ad
649 1461 752 1520 sidera
766 1462 882 1535 palmas

224 1541 374 1619 Exposcit
387 1546 476 1619 votis,
491 1545 639 1605 inmemor
654 1544 736 1616 artis,
752 1559 852 1618 opem.

187 1627 385 1703 Quocumque
400 1628 518 1703 aspexi,
535 1628 608 1687 nihil
624 1633 671 1688 est
684 1627 743 1687 nisi
756 1628 863 1688 mortis
878 1628 988 1702 imago,

227 1711 322 1786 Quam
338 1711 432 1772 dubia
446 1713 536 1774 timeo
551 1718 660 1786 mente,
676 1712 847 1786 timensque
862 1726 981 1787 precor.

138 1803 172 1856 25
186 1795 323 1870 Attigero
338 1804 469 1870 portum,
485 1802 576 1871 portu
590 1797 727 1856 terrebor
741 1795 780 1855 ab
795 1796 880 1869 ipso:

226 1878 298 1939 Plus
313 1879 406 1939 habet
420 1879 531 1940 infesta
543 1888 624 1940 terra
637 1878 753 1939 timoris
770 1895 860 1954 aqua.

187 1961 261 2022 Nam
276 1964 365 2023 simul
380 1963 500 2024 insidiis
514 1963 670 2024 hominum
685 1962 848 2038 pelagique
862 1962 979 2038 laboro,

229 2046 268 2107 Et
281 2047 396 2108 iaciunt
408 2048 547 2121 geminos
564 2049 647 2108 ensis
663 2055 693 2108 ct
706 2046 790 2106 unda
804 2053 913 2106 metus.

185 2129 237 2188 lile
251 2145 320 2190 meo
336 2145 447 2190 vereor
461 2147 500 2190 ne
514 2138 620 2205 speret
634 2131 784 2203 sanguine
799 2130 955 2204 praedam,

140 2218 174 2272 30
229 2213 313 2272 Haec
327 2213 445 2273 titulum
461 2220 587 2273 nostrae
600 2213 706 2273 mortis
720 2211 834 2272 habere
848 2215 929 2275 velit.

187 2295 324 2355 Barbara
339 2312 412 2370 pars
428 2296 517 2356 laeva
531 2303 579 2357 cst
594 2297 765 2371 avidaeque
779 2297 902 2357 addicta
916 2296 1055 2372 rapinae,

232 2377 327 2452 Quam
343 2394 434 2440 cruor
448 2386 479 2440 et
493 2381 606 2440 caedes
621 2381 764 2456 bellaque
779 2395 903 2455 semper
917 2381 1041 2442 babent.

191 2460 327 2537 cumque
341 2463 381 2523 sit
394 2463 530 2524 hibernis
546 2465 689 2539 agitatum
703 2462 846 2525 fluctibus
863 2480 989 2539 aequor,

224 2544 352 2606 Pectora
366 2554 437 2607 sunt
449 2548 520 2623 ipso
536 2548 704 2609 turbidiora
717 2548 803 2607 mari.

142 2635 175 2688 35
192 2627 257 2701 Quo
273 2630 369 2704 magis
384 2629 432 2690 his
448 2632 545 2692 debes
560 2633 730 2707 ignoscere,
746 2631 876 2692 candide
891 2632 996 2707 lector,

230 2710 262 2772 Si
276 2728 333 2788 spe
347 2714 416 2789 sint,
430 2722 464 2776 ut
478 2722 559 2790 sunt,
574 2716 717 2777 inferiora
731 2722 793 2776 tua.

188 2796 254 2855 Non
269 2796 347 2856 haec
361 2799 391 2856 in
407 2798 531 2871 nostris,
547 2807 580 2859 ut
595 2801 758 2873 quondam,
775 2799 937 2859 scribimus
952 2798 1062 2878 hortiS,

231 2879 303 2954 Nec,
320 2889 476 2955 consuete,
492 2897 602 2956 meum,
618 2884 736 2956 lectule,
754 2897 867 2958 corpus
881 2883 989 2944 habes.

192 2964 291 3022 lactor
304 2964 334 3022 in
350 2964 497 3025 indomito
511 2966 640 3027 brumali
654 2968 722 3027 luce
736 2966 901 3041 profundo,

144 3051 178 3104 lo
234 3047 369 3121 lpsaque
384 3049 532 3109 caeruleis
548 3049 653 3110 charta
666 3050 772 3110 seritur
786 3050 885 3125 aquis.

191 3129 335 3203 improba
349 3140 464 3208 pugnat
478 3132 574 3194 hiems
590 3134 834 3211 indignaturque,
851 3133 934 3209 quod
949 3132 1049 3196 ausim

233 3210 374 3273 Scribere
389 3232 424 3275 se
438 3215 553 3291 rigidas
568 3217 732 3279 incutiente
745 3218 854 3278 minas.

192 3294 304 3356 Vincat
317 3296 414 3358 hiems
428 3299 596 3361 hominem!
620 3301 683 3363 Sed
697 3302 807 3363 eodem
821 3308 969 3376 tempore,
984 3315 1094 3378 quaest

230 3377 300 3453 lpse
314 3381 438 3441 modum
453 3388 582 3445 statuam
597 3387 747 3456 carminis,
764 3385 815 3445 illa
829 3383 888 3444 sui.
