2318 3960
36 198 38 202 ’
96 193 162 260 ,124
491 194 550 255 EX
576 192 726 254 ΡΟΝΤυ

225 347 287 409 Sed
301 363 363 408 non
378 347 488 407 tiliato
503 346 623 406 mollior
636 345 686 405 ille
701 360 781 406 meo.

141 442 173 493 lo
186 431 261 493 Cum
275 432 389 506 relego,
412 430 578 505 scripsisse
593 431 696 506 pudet.
729 431 802 503 quia
816 429 947 504 plurima
960 445 1058 496 semo

223 516 274 575 Me
290 530 422 589 quoque,
446 514 498 588 qui
514 514 580 585 ieci,
604 513 705 574 iudice
720 512 814 589 digna
827 512 890 572 lini.

180 599 242 658 Nec
257 605 358 658 umen
374 597 515 657 emendo.
547 597 634 657 labor
647 597 697 657 hic
713 613 804 673 quam
818 596 955 658 scribere
968 599 1079 660 maior.

221 682 372 756 Mensque
386 682 449 757 pati
464 681 573 742 durum
588 682 720 741 sustinet
733 696 827 756 aegra
840 681 924 742 nihil.

182 766 304 826 Scilicet
318 765 462 842 incipiam
475 765 547 824 lima
561 765 737 826 mordacius
751 765 804 839 uti,

137 861 172 912 20
223 849 261 908 Et
275 847 332 908 suh
348 848 493 908 iudicium
507 848 629 923 singula
641 847 737 908 verba
752 853 882 908 vocemt

179 933 313 1007 Torquet
328 933 407 992 enim
423 932 544 993 fortuna
557 949 672 1007 parum,
695 930 754 992 nisi
769 932 878 992 Lissus
893 931 923 991 in
938 932 1076 995 Hebrum

223 1014 372 1088 Confluat,
395 1023 425 1075 et
439 1015 565 1077 [rondes
579 1016 711 1090 Alpibus
726 1015 820 1076 addat
833 1015 938 1075 Athot

177 1099 367 1160 Parcendum
381 1106 430 1160 est
443 1101 544 1160 animo
559 1098 732 1161 miserabile
746 1099 856 1160 vulnus
871 1098 1005 1160 habenti.

221 1182 403 1244 Subducunt
415 1184 501 1243 oneri
516 1185 594 1243 colla
608 1191 733 1259 perusta
746 1184 855 1244 boves.

136 1276 170 1329 25
181 1269 230 1340 At,
252 1274 335 1342 puto,
358 1268 474 1328 tructus
490 1267 587 1341 adest,
608 1267 774 1327 iustissima
789 1282 884 1328 causa
898 1266 1048 1343 laborum,
1084 1261 1089 1271 '

217 1351 255 1410 Et
269 1356 336 1410 sata
351 1366 421 1412 cum
436 1353 528 1410 multo
545 1351 651 1411 tenore
665 1351 766 1411 reddit
780 1358 875 1427 agert

177 1435 311 1509 Tempus
325 1435 366 1495 ad
380 1434 440 1494 hoc
454 1434 553 1508 nobis,
576 1442 699 1510 repetas
715 1434 909 1510 licetomnia,
931 1433 1037 1494 nullun

216 1517 340 1592 Proluit,
363 1525 456 1594 atque
469 1519 583 1578 utinam
597 1535 660 1579 non
675 1519 847 1580 nocuisset!
871 1535 961 1596 opus.

180 1602 239 1663 Cur
256 1601 347 1675 igitur
360 1600 502 1676 scribam,
517 1601 659 1662 mirarist
679 1602 773 1662 miror
787 1609 817 1662 et
831 1603 908 1678 ipse,

135 1691 171 1746 30
222 1685 260 1744 Et
273 1690 374 1744 tecum
390 1699 505 1758 quaero
525 1700 629 1760 saepe,
651 1686 725 1761 quid
739 1685 811 1746 inde
826 1693 937 1761 petam.

178 1772 226 1827 An
242 1769 378 1843 populus
392 1783 465 1826 vere
480 1783 574 1828 sanos
589 1776 680 1843 negat
694 1784 765 1830 esse
780 1776 911 1844 poetast

220 1850 357 1927 Sumque
370 1851 450 1911 tides
464 1850 554 1911 huius
569 1852 702 1914 maxima
716 1853 804 1914 vocis
819 1859 900 1929 agot

178 1934 243 2008 Qut,
264 1935 358 1995 sterili
372 1935 483 1996 totiens
499 1952 567 1996 cum
583 1936 641 1996 sim
656 1937 804 2012 deceptus
819 1936 858 1996 ab
874 1953 960 2012 arvo,

218 2019 374 2079 Damnosa
389 2026 493 2094 persto
510 2019 643 2080 condere
659 2035 764 2079 semen
779 2020 881 2080 humo.

134 2100 305 2162 assaliret
319 2110 367 2162 est
385 2102 515 2178 cupidus
531 2103 701 2164 studiorum
716 2103 849 2180 quisque
863 2121 999 2180 suorum,

219 2187 352 2260 Tempus
367 2193 398 2246 et
412 2186 542 2246 adsueta
556 2201 672 2260 ponere
686 2187 717 2245 in
733 2194 797 2246 arte
812 2187 904 2247 iuvat.

178 2268 307 2329 Saucius
322 2269 420 2328 eiurat
433 2285 566 2343 pugnam
581 2269 740 2344 gladiator,
762 2276 792 2330 et
804 2270 886 2331 idem

218 2352 370 2411 Inmemor
384 2352 499 2426 antiqui
515 2352 650 2413 vulneris
665 2369 750 2412 arma
765 2353 855 2429 capit.

176 2435 221 2494 Nil
237 2434 294 2493 sibi
311 2450 380 2495 cum
395 2434 496 2510 pelagi
512 2436 584 2496 dicit
599 2436 665 2497 lore
679 2438 845 2512 naufragus
862 2438 962 2512 undis,

133 2527 168 2580 40
217 2518 254 2578 Et
268 2517 351 2578 ducit
364 2533 477 2591 remos,
499 2536 562 2595 qua
575 2520 667 2580 modo
684 2522 767 2580 navit
781 2537 870 2596 aqua.

179 2599 230 2661 Sic
245 2617 303 2677 ego
322 2608 498 2662 constanter
511 2603 644 2663 studium
658 2620 719 2663 non
735 2605 808 2665 utile
823 2619 925 2677 servo,

217 2686 255 2746 Et
268 2692 384 2761 repeto,
403 2687 514 2746 nollem
531 2704 608 2762 quas
624 2689 767 2759 coluisse,
792 2688 877 2748 deas.

178 2769 256 2843 Quid
270 2769 373 2844 potius
389 2769 520 2830 laciamt
537 2787 599 2830 non
614 2787 692 2845 sum,
715 2771 767 2848 qui
783 2772 891 2848 segnia
908 2772 1021 2833 ducam

219 2851 294 2912 Otia.
326 2868 409 2913 mors
424 2852 514 2915 nobis
528 2860 648 2930 tempus
662 2854 793 2914 habetur
805 2855 898 2915 iners.

126 2943 160 2997 45
173 2935 236 2996 Nec
250 2937 335 2997 iuvat
348 2937 379 2996 in
395 2936 494 2997 lucem
509 2938 600 2998 nimio
616 2954 808 2999 marcescere
822 2939 910 2998 vino:

214 3019 277 3079 Nec
291 3027 374 3081 tenet
387 3020 521 3082 incertas
536 3022 605 3082 alea
617 3021 731 3082 blanda
747 3039 866 3083 manus.

175 3101 248 3162 Cum
265 3103 406 3166 dedimus
422 3121 531 3165 somno
548 3122 626 3180 quas
641 3120 755 3181 corpus
770 3109 906 3182 postulat
920 3106 1025 3182 horas,

217 3185 282 3260 Quo
299 3203 411 3261 ponam
425 3188 556 3264 vigilans
571 3197 710 3268 tempora
723 3193 817 3266 longa
830 3189 947 3251 modot

173 3269 268 3329 ltloris
284 3285 323 3329 an
339 3270 449 3332 oblitus
465 3273 553 3348 patrii
567 3273 753 3334 contendere
768 3274 885 3335 discam

130 3361 166 3414 ao
218 3351 404 3415 Sarmaticos
420 3371 518 3429 arcus,
540 3364 570 3417 et
583 3357 686 3417 trahar
700 3364 764 3418 arte
778 3358 860 3419 locit

175 3436 242 3497 lloc
257 3452 384 3513 quoque
398 3454 447 3499 me
462 3439 595 3501 studium
609 3439 772 3517 prohibent
786 3442 949 3503 adsumere
967 3439 1064 3505 vires·
