2318 3960
110 214 151 280 §c
504 206 730 270 ‘rulsrlun

229 367 263 425 in
277 365 347 427 loca
359 377 398 421 ne
411 361 521 421 redeas
538 359 667 434 amplius
682 359 749 433 isin,
765 372 886 432 precor,

191 451 270 510 uum
285 462 333 507 me
347 453 495 507 terrarum
509 459 582 518 pars
597 458 697 518 paene
711 441 889 516 novissime,
904 441 1027 507 Penius

233 531 372 591 Euxinus
388 529 466 589 falso
482 529 605 591 nornine
620 526 719 593 dictus
734 525 835 587 habet.

112 667 179 763 14·
192 665 304 758 Cultor
318 703 349 755 ei
363 695 489 757 antistes
506 693 665 759 dccrorun
680 700 787 755 sancte
803 692 946 766 virorum,

238 779 294 854 Qui
310 779 384 838 iacis
400 777 522 852 ingenio
539 791 670 851 semper,
686 775 792 848 amice,
807 781 891 845 nico!

193 864 321 939 Ecquid,
337 869 370 922 ui
382 862 564 931 incolumem
581 860 735 936 quondam
751 859 906 919 celebrare
920 859 1060 936 solebas,

235 949 322 1007 Nunc
338 960 470 1020 quoque,
485 960 524 1005 ne
538 943 644 1011 vidcar
659 949 740 1009 totus
756 942 877 1017 abesse,
893 949 1011 1009 caves?

157 1049 174 1098 5
189 1031 330 1105 Suscipis
345 1029 482 1103 exceptis
498 1028 610 1102 ecquid
624 1043 693 1086 mea
707 1027 841 1095 carmina
855 1027 931 1089 solis

234 1112 369 1184 Artibus
387 1112 493 1185 eriifici
509 1127 588 1187 quue
603 1126 737 1175 nocuere
753 1119 833 1172 succ

193 1201 287 1259 immo
303 1199 346 1257 ica
360 1197 417 1271 suc,
435 1212 560 1270 quaeso,
575 1202 679 1263 return
694 1195 834 1261 studiose
849 1209 1014 1269 novorum,

234 1282 360 1356 Quaque
376 1288 473 1355 potes,
486 1280 582 1339 retine
596 1294 709 1352 corpus
722 1279 752 1337 in
767 1278 849 1339 Urbe
864 1293 975 1347 meum.

193 1367 248 1426 Est
263 1368 334 1439 suga
350 1365 431 1423 dicta
445 1363 526 1436 mihi,
542 1378 603 1422 non
618 1369 665 1422 est
679 1363 752 1436 iuga
765 1362 846 1422 dictu
860 1361 980 1434 libellis

144 1460 178 1510 10
236 1449 292 1524 Qui
307 1448 420 1509 donini
435 1461 568 1521 poenam
582 1462 645 1507 nou
659 1460 798 1505 meruere
812 1446 871 1507 sui.

193 1533 295 1606 Saepe
309 1547 365 1605 per
380 1537 523 1593 externas
538 1531 687 1604 profugus
702 1536 790 1603 pater
804 1529 907 1589 exulat
920 1543 1002 1602 crue,

233 1616 316 1676 Urbe
330 1621 432 1675 tamen
446 1614 524 1674 naris
540 1613 639 1677 exulis
656 1628 728 1675 csse
742 1614 821 1674 iicet.

192 1698 324 1758 Palladis
340 1699 479 1772 exemplo
496 1697 535 1756 dc
549 1712 598 1757 rne
612 1698 680 1757 sinc
695 1704 790 1757 maire
804 1704 906 1765 creare

236 1782 375 1842 Carmine
390 1788 469 1847 suni.
492 1782 586 1857 stirps
601 1781 678 1841 hacc
694 1781 920 1856 progeniesque
934 1795 1004 1840 meu
1019 1788 1076 1842 est.
1153 1802 1155 1865 r

143 1873 176 1924 15
190 1866 277 1925 Hanc
292 1866 345 1926 ribi
360 1865 551 1927 commendo.
576 1881 655 1940 quae
670 1880 731 1939 quo
747 1866 843 1941 magis
859 1864 934 1927 orba
948 1871 1086 1938 parente,

235 1950 302 2010 Hoc
318 1950 370 2010 tibi
385 1949 476 2011 tutori
491 1950 612 2010 sarcina
626 1949 722 2009 maior
737 1949 801 2009 erit.
1153 1940 1155 2013 Ι

192 2034 267 2092 Tres
283 2034 355 2093 mihi
369 2040 441 2095 suni
455 2034 515 2095 uati
531 2033 672 2108 contagia
688 2039 793 2103 nostra
808 2031 919 2093 secuii=
1149 2041 1155 2137 *Ι

236 2116 341 2177 Genera
355 2118 404 2177 iac
419 2132 511 2177 curae
525 2117 565 2176 sii
578 2117 631 2177 ribi
646 2115 733 2175 turba
747 2117 857 2190 palan.

194 2199 272 2260 Sunt
287 2215 412 2275 quoque
427 2206 559 2261 murciae
573 2208 619 2260 ter
634 2200 771 2274 quinque
783 2199 939 2261 volumina
953 2199 1081 2274 formae,
1153 2160 1155 2309 Ι

141 2299 178 2349 no
235 2283 373 2343 Carmina
387 2285 426 2343 de
442 2284 555 2343 domini
571 2285 679 2345 iuuere
694 2290 782 2357 rapte
798 2283 855 2344 sui.

192 2366 270 2426 iilud
285 2383 366 2440 opus
381 2369 486 2441 parur,
501 2368 529 2427 si
544 2383 605 2426 non
620 2369 706 2442 prius
723 2368 792 2441 ipse
805 2367 968 2442 perissem,
1151 2390 1155 2485 A

234 2450 351 2510 Cercius
366 2467 385 2509 a
399 2466 518 2513 summa
532 2466 644 2510 nornen
659 2450 774 2511 habere
788 2466 888 2513 manu.

191 2533 277 2595 Nunc
291 2533 493 2594 incorrectum
508 2534 616 2608 populi
631 2535 771 2608 pervenit
784 2535 816 2593 in
832 2549 895 2607 cra,
1153 2558 1155 2589 ι

233 2618 266 2676 In
282 2617 389 2691 populi
405 2618 569 2692 quicquam
584 2619 612 2677 si
625 2626 726 2679 tamen
742 2632 796 2677 ore
810 2618 869 2676 mei
885 2624 941 2677 est.

139 2711 174 2762 25
189 2701 255 2762 Hoc
272 2715 396 2776 quoque
411 2702 516 2761 nescio
532 2700 607 2777 quid
623 2702 737 2762 nostris
752 2716 877 2776 appone
889 2700 1010 2776 libellis,

232 2785 363 2846 Diverso
378 2785 505 2847 missurn
522 2785 606 2859 quod
620 2784 673 2849 tibi
688 2785 727 2845 ub
743 2784 818 2853 urhe
832 2784 922 2854 venit.

191 2867 280 2943 Quod
296 2869 481 2943 quicumque
500 2870 621 2943 legen...
636 2869 663 2928 si
679 2869 747 2943 quis
767 2870 877 2945 legei..
889 2866 1031 2937 aesiinrci
1046 2873 1122 2944 anie,

232 2952 441 3026 compositum
457 2968 518 3027 quo
533 2953 573 3013 sit
586 2959 726 3027 tempore
737 2967 863 3027 quoque
877 2952 958 3011 icco.

188 3037 317 3110 Aequus
333 3037 389 3098 erit
403 3036 535 3113 seriptis,
550 3052 680 3112 quorum
695 3036 873 3110 cognoverit
888 3049 961 3099 esse.

136 3127 173 3179 ³0
229 3119 360 3180 Exilium
374 3128 497 3195 temnus
512 3120 748 3196 berberiemque
762 3122 881 3182 locumz

187 3202 285 3276 inque
299 3210 344 3264 tot
357 3205 498 3267 adversis
514 3220 638 3269 carmen
652 3203 808 3265 mirabitur
825 3203 919 3267 ullum

229 3283 349 3346 Ducere
364 3304 413 3347 mc
427 3288 506 3349 tristi
521 3288 707 3351 sustinuisse
721 3303 822 3349 manu.

187 3368 346 3441 ingenium
365 3372 485 3445 fregere
498 3387 600 3431 rneunr
614 3372 702 3431 male.
727 3371 815 3436 cuius
830 3374 859 3429 ct
874 3373 945 3437 anie

224 3449 309 3513 Fons
323 3453 505 3515 infecundus
521 3471 680 3529 parvaque
695 3471 773 3515 vena
787 3453 852 3514 inii.

1152 1647 1155 1713 —
1136 39 1155 1559 -——-.——.ffi——-.————

1121 3718 1155 3889 i
