2318 3960
447 191 684 245 paturnelo.
1032 203 1069 239 vn

59 339 87 383 nt
95 331 208 384 nesciam
218 346 250 381 an
259 330 311 382 boc
321 332 486 381 instrumento
497 345 579 393 neque
592 330 623 379 ab
636 331 734 380 Heinsii
744 331 846 397 ingenio
862 347 944 395 neque
957 347 972 382 a
985 340 1071 383 nostru

59 401 147 455 labore
160 399 248 450 utilius
267 400 400 463 quicquam
410 399 516 448 carmini
531 399 634 464 egregio
650 399 778 464 obtigerit.
803 397 924 465 Superest
937 407 1034 452 tantum
1045 409 1071 451 ut

60 483 242 534 usquequaque
250 483 325 518 suurn
335 469 360 517 in
371 481 449 517 usum
456 475 626 526 contutum,
645 468 714 530 quod
724 475 751 516 ut
761 468 817 534 ipae
829 469 933 534 recipiat
946 470 1021 519 etiam
1034 480 1071 518 at·

58 538 200 603 quostiam
215 543 253 586 est
266 537 404 603 rogandus.
437 535 500 586 Natu
517 536 585 598 quod
599 536 680 600 copiis
696 536 799 586 amabili
814 537 922 589 candore
939 537 1001 587 mihi
1013 551 1071 603 per-

44 650 47 654 .
58 607 146 658 missis
155 605 239 668 aliquo
249 620 306 655 cum
317 605 401 656 lructu
411 611 435 654 et
444 603 524 654 multa
533 618 590 653 cum
600 603 768 655 oblectatione
778 619 840 655 usus
848 619 915 671 sum,
926 620 957 655 ea
964 621 991 656 re
1001 606 1071 669 quic-

58 689 136 740 quum
146 673 196 724 sibi
210 682 352 740 surreptum
361 673 500 738 deperiisse
514 688 546 723 ne
557 673 697 723 existimet:
716 673 794 724 multo
808 675 875 723 enirn
889 674 962 739 plura
977 683 1001 723 et
1015 689 1071 740 gra-

58 745 131 795 uiora
141 741 268 792 sollertem
277 742 391 793 criticum
402 748 609 807 expromptumm
619 755 739 808 auguror.

128 809 200 863 Alter
211 811 292 862 codex
304 819 343 860 est
355 825 430 873 quem
443 809 501 860 olim
510 810 673 860 Petavianum
684 811 751 869 dixi,
768 810 845 862 hodie
858 812 923 861 inter
934 811 1073 861 Vaticanus
1124 808 1125 811 ’

60 880 107 944 qui
122 878 264 930 christinae
279 879 418 930 Succorum
434 881 536 944 reginae
552 879 653 928 fuerunt
669 894 695 928 n.
712 873 794 941 1709,
812 880 909 929 formae
924 880 1072 942 quadratae,

57 947 213 999 membranis
221 948 287 998 binis
296 946 433 1014 colligatis,
442 948 558 997 versibus
568 947 696 1013 inpagina
704 948 800 998 vicenis
809 949 929 1014 septenis,
940 949 1073 1013 scriptura,

58 1031 136 1082 quarn
146 1014 337 1083 Carolingorum
348 1016 470 1080 dicimus,
486 1015 623 1081 ineleganti
632 1031 662 1065 ac
671 1015 823 1134 negligenti,
833 1015 965 1067 vocabulis
974 1016 1072 1080 saepis-

57 1088 123 1137 sime
130 1100 264 1151 perperam
281 1085 427 1149 diremptis,
444 1084 676 1150 praepositionibus
689 1099 707 1132 u
723 1085 782 1148 ique
799 1085 964 1135 substantivis
979 1084 1072 1135 adhae-

10 1184 13 1193 ·
58 1154 185 1220 rentibus,
198 1153 347 1220 plerumque
358 1154 448 1203 litteris
458 1153 618 1203 adsimilatis.
638 1153 805 1218 interpunctio
815 1168 881 1216 quae
892 1153 969 1203 luerit
979 1159 1002 1202 et
1012 1167 1072 1201 num

57 1224 209 1288 pentametri
218 1223 403 1286 subducantur,
417 1237 468 1272 non
479 1222 582 1271 invenio
594 1223 750 1274 adnotatum.
773 1231 832 1289 post
843 1236 975 1271 caesuram
983 1227 1072 1286 penta·

57 1291 132 1342 metri
141 1289 290 1356 plerumque
299 1290 411 1356 amplum
420 1291 581 1340 interstitium
591 1290 704 1340 relictum
715 1304 772 1340 esse
783 1290 888 1341 dicitur:
905 1289 1031 1352 quaedam
1040 1290 1072 1338 ab

58 1358 149 1411 eadem
158 1374 235 1410 mann
244 1368 372 1419 correcta,
383 1358 503 1409 multaab
513 1358 607 1424 altera,
622 1373 687 1421 quae
698 1360 760 1408 satis
770 1365 869 1408 vetusta
877 1358 1001 1408 videatur.
1024 1357 1071 1407 De·

57 1429 120 1479 sinit
129 1428 211 1478 codex
220 1429 247 1478 in
256 1428 314 1478 libri
324 1428 403 1491 quinti
410 1441 512 1477 versum
522 1424 564 1478 tt.
582 1426 678 1477 Keilius
688 1426 786 1478 saecX
795 1441 852 1477 esse
862 1433 975 1476 testatur.
996 1426 1070 1475 Hein-

59 1497 115 1546 sius
124 1511 174 1547 uno
185 1497 287 1546 saeculo
299 1496 464 1559 antiquiorem
475 1496 618 1561 scripserat.

127 1563 198 1616 Alter
208 1572 247 1615 est
257 1565 395 1614 Vaticanus
411 1580 437 1618 n.
446 1561 516 1616 3262
532 1566 572 1614 cui
587 1564 733 1630 inscriptum
749 1561 831 1615 ‘Fasti
844 1563 871 1613 di
885 1561 972 1613 Ouidio
985 1563 1010 1612 in
1023 1564 1073 1612 l'ru

58 1632 225 1698 brochardo.
234 1633 292 1687 Ful.
305 1633 383 1695 Ura',
395 1634 492 1684 formae
502 1633 642 1699 oblongae,
653 1634 768 1683 versibus
777 1633 803 1682 in
811 1631 914 1698 paginis
927 1631 1072 1693 duodequa-

58 1701 192 1768 dragenis,
208 1703 332 1768 scriptura
349 1709 454 1752 venusta
464 1701 601 1753 admodum
611 1710 635 1752 et
649 1700 791 1766 aequabili,
805 1701 832 1750 in
845 1701 964 1750 extremis
972 1701 1073 1764 paginis

59 1769 114 1821 iere
127 1770 250 1830 evanida,
264 1771 421 1835 compendlis
437 1771 490 1820 lere
504 1770 608 1831 iisdem,
627 1785 690 1834 quos
701 1771 728 1820 in
743 1770 807 1820 libro
816 1767 906 1819 Hamb.
923 1783 1062 1818 commemo

59 1838 123 1903 ravi,
133 1839 262 1890 vocabulis
272 1846 389 1890 accurate
398 1839 584 1901 discriminatis,
595 1839 757 1903 pentametris
770 1838 881 1888 reductis
890 1837 983 1900 ubique
998 1852 1071 1901 prae·

58 1911 172 1969 leranm
181 1905 251 1957 loliis
265 1907 402 1972 prioribus.
421 1922 499 1973 supra
513 1906 591 1957 lineas
605 1907 760 1972 glossemata·
774 1906 861 1956 addita
873 1921 930 1955 cum
940 1905 1024 1955 littera
1037 1920 1072 1970 a,

58 1974 122 2025 ordo
136 1983 161 2024 et
175 1975 326 2025 constructio
335 1975 516 2025 vocabulorum
526 1976 638 2026 indicata
646 1975 735 2025 litteris
745 1973 888 2040 alphabeti:
904 1973 1034 2039 particulis
1049 1988 1072 2023 ea

56 2044 249 2108 pronominibus
264 2043 451 2108 interrogativis
468 2045 543 2108 signa
559 2056 668 2109 superne
687 2043 825 2107 adscripta.
854 2056 944 2091 manus
962 2042 1074 2093 secunda

57 2109 268 2164 narsaeuxv.
292 2115 351 2178 lpse
370 2112 434 2162 liber
449 2125 516 2165 saec.
532 2109 578 2167 111.

127 2179 215 2242 Itaque
224 2178 335 2244 primum
344 2186 397 2228 erat
407 2186 435 2229 nt
448 2180 523 2242 siqua
534 2181 560 2229 in
568 2180 699 2230 Petauiuni
709 2179 842 2230 collatione
850 2179 987 2230 Heinsiaua
997 2193 1074 2242 quam

57 2246 129 2298 edidi
144 2249 323 2313 praetermissa
333 2254 427 2307 essent,
438 2262 503 2310 quae
518 2248 621 2312 probari
631 2255 751 2312 possent,
767 2249 900 2299 vetustatis
914 2248 1016 2297 nomine
1030 2247 1074 2297 ad·

59 2317 224 2370 mitterentur.
249 2315 287 2365 Ea
298 2317 325 2365 in
340 2331 367 2365 re
382 2316 509 2366 oriebatur
524 2317 638 2379 quaestio
653 2316 822 2382 perdifficilis,
838 2317 885 2367 sed
898 2315 1004 2366 alicuius
1020 2330 1073 2365 mo·

60 2385 152 2442 menti,
167 2398 229 2433 num
240 2397 331 2433 manus
345 2384 457 2434 secunda
468 2399 526 2433 eum
534 2385 625 2435 librum
635 2400 667 2434 ex
683 2386 773 2436 eodem
784 2385 919 2450 archetypo
933 2384 1074 2434 correxisse

61 2451 184 2504 rideatur.
203 2467 230 2500 re
240 2459 354 2502 accurate
364 2467 490 2518 perpensa
500 2452 581 2502 abieci
590 2468 646 2503 eam
656 2455 812 2519 opinionem:
829 2467 932 2504 rasuras
940 2460 1024 2503 tamen
1035 2451 1074 2500 in-

58 2520 119 2570 veni
130 2535 175 2569 cur
186 2520 220 2571 ad
234 2521 344 2586 primam
357 2537 459 2571 manum
473 2520 601 2572 referrem.
624 2522 695 2582 Quae
708 2523 787 2588 igitur
798 2523 824 2572 iu
835 2521 883 2572 hoc
894 2521 1022 2570 volumine
1032 2519 1073 2568 his

57 2589 102 2651 qni
117 2587 296 2639 indicabuntur
312 2591 428 2640 versibus
442 2591 473 2639 ab
492 2591 610 2655 exemplo
625 2591 784 2640 Reimeriano
800 2590 949 2654 discedunt,
968 2605 1001 2640 ex
1017 2590 1073 2652 ipso

57 2656 196 2707 Petreiano
204 2656 270 2707 libro
281 2665 392 2707 comenia
402 2667 471 2708 snut:
481 2659 491 2706 I
503 2654 548 2718 17,
560 2658 608 2718 25,
622 2656 690 2724 228,
703 2657 770 2720 212,
784 2655 849 2718 282,
860 2653 926 2722 335,
939 2654 1017 2715 1122,
1030 2652 1072 2714 27,

56 2718 167 2788 dmi,
180 2722 246 2791 246,
259 2723 325 2786 286,
337 2723 404 2791 398,
417 2724 483 2791 lta,
499 2722 567 2792 538,
582 2723 634 2778 572
646 2729 705 2792 uix,
722 2723 772 2778 587
781 2729 873 2791 corpu,
889 2722 996 2790 111199,
1012 2719 1073 2787 818,

55 2793 93 2842 1v
106 2790 173 2858 115,
187 2791 254 2860 169,
264 2791 316 2847 377
327 2830 334 2855 ,
346 2791 414 2861 729,
425 2791 487 2846 880.
507 2793 571 2845 Sunt
582 2803 713 2861 praeterea
725 2795 775 2845 alia
786 2795 877 2858 quibus
891 2793 952 2843 olim
967 2792 1073 2856 receptis

56 2875 125 2912 nnnc
134 2861 237 2913 demum
247 2863 376 2913 Petuviani
386 2866 522 2914 auctoritas
532 2864 643 2924 accedit,
655 2864 724 2914 velut
736 2861 820 2922 1122,
833 2859 900 2926 564,
913 2857 979 2926 576,
991 2857 1073 2910 11435

56 2936 82 2980 et
90 2930 262 2992 siquanotare
271 2933 382 2999 neglexi.
401 2934 547 2982 Proximum
558 2932 649 2983 deinde
662 2931 725 2997 fuit,
740 2941 768 2982 ut
782 2931 968 2995 exploraretur,
981 2935 1073 2992 quanta

56 2997 162 3048 alterius
171 2997 299 3050 Ursiniani
310 3001 367 3051 libri
382 3008 449 3052 esset
461 3001 598 3052 auctoritas
611 3008 823 3066 comparaturum
836 2999 982 3050 Petaviano.
1004 2997 1032 3047 In
1045 3011 1074 3046 re

58 3066 256 3132 orthographica
265 3069 415 3120 Ursinianus
427 3070 509 3119 codex
521 3069 638 3120 convenit
649 3084 707 3118 cum
716 3067 902 3133 hamburgensi
913 3068 1072 3117 Ponticontm

21 3200 25 3209 ,
56 3142 81 3185 el
89 3135 218 3186 Marciano
227 3136 479 3203 Metamorphoseon,
492 3138 560 3202 quod
571 3137 732 3202 cognoscitur
741 3138 853 3187 maxime
862 3137 888 3185 in
898 3142 1012 3186 accurate
1021 3149 1072 3183 ser·

55 3205 121 3254 ratis
130 3211 269 3271 umquam,
279 3222 405 3272 tunquam,
416 3208 517 3271 littera,
527 3208 601 3269 lieu,
616 3208 745 3266 sollemne,
762 3207 919 3270 quicuncque,
929 3205 1073 3268 nequiquam

55 3274 198 3334 morou,
210 3275 358 3326 semianimis
367 3285 392 3326 et
402 3276 512 3325 devitato
521 3289 563 3328 uc.
587 3274 654 3324 Haec
664 3274 813 3340 plerumque
822 3274 984 3339 negliguntur
993 3272 1019 3320 iu
1028 3272 1072 3320 Pe·

56 3342 167 3394 tariano.
192 3343 221 3391 In
238 3344 390 3406 quibusdam
405 3343 510 3408 propius
520 3342 669 3393 Ursinianus
686 3343 720 3393 ad
728 3343 830 3409 Virgilii
845 3343 947 3392 codices
963 3339 1073 3389 accedit:

56 3406 133 3462 habet
149 3409 304 3474 aliquotiens
318 3412 437 3463 bracchia
452 3411 582 3472 (Petauu
600 3426 650 3461 sec.
666 3410 731 3476 mu.)
748 3412 849 3474 ophilit,
866 3411 955 3473 pleps,
970 3407 1074 3470 prandea

54 3478 424 3545 manummerias,
441 3479 597 3544 Esquilias,
608 3479 781 3544 Megalensia,
797 3479 897 3531 Atlans.
924 3476 1073 3526 Petarianns
