<?xml version="1.0" encoding="UTF-8"?>
<!DOCTYPE html PUBLIC "-//W3C//DTD XHTML 1.0 Transitional//EN"
    "http://www.w3.org/TR/xhtml1/DTD/xhtml1-transitional.dtd">
<html xmlns="http://www.w3.org/1999/xhtml" xml:lang="en" lang="en">
 <head>
  <title>
</title>
<meta http-equiv="Content-Type" content="text/html;charset=utf-8" />
  <meta name='ocr-system' content='tesseract 3.04.00' />
  <meta name='ocr-capabilities' content='ocr_page ocr_carea ocr_par ocr_line ocrx_word'/>
</head>
<body>
  <div class='ocr_page' id='page_1' title='image "./povidiusnasoexr00merkgoog_0260.png"; bbox 0 0 2318 3960; ppageno 0'>
   <div class='ocr_carea' id='block_1_1' title="bbox 437 217 1066 290">
    <p class='ocr_par' dir='ltr' id='par_1_1' title="bbox 437 217 1066 290">
     <span class='ocr_line' id='line_1_1' title="bbox 437 217 1066 290; baseline 0.011 -11"><span class='ocrx_word' id='word_1_1' title='bbox 437 219 479 290; x_wconf 88' lang='lat' dir='ltr'><strong>ll,</strong></span> <span class='ocrx_word' id='word_1_2' title='bbox 502 217 679 281; x_wconf 49' lang='lat' dir='ltr'><strong>olomeo.</strong></span> <span class='ocrx_word' id='word_1_3' title='bbox 1001 222 1066 290; x_wconf 72' lang='grc'><strong>280</strong></span> 
     </span>
    </p>
   </div>
   <div class='ocr_carea' id='block_1_2' title="bbox 65 367 914 450">
    <p class='ocr_par' dir='ltr' id='par_1_2' title="bbox 65 367 914 450">
     <span class='ocr_line' id='line_1_2' title="bbox 65 367 914 450; baseline 0.002 -18"><span class='ocrx_word' id='word_1_4' title='bbox 65 378 121 433; x_wconf 94' lang='grc'><strong>655</strong></span> <span class='ocrx_word' id='word_1_5' title='bbox 138 367 299 445; x_wconf 73' lang='lat' dir='ltr'><strong>Spargitur</strong></span> <span class='ocrx_word' id='word_1_6' title='bbox 313 373 342 428; x_wconf 91' lang='lat' dir='ltr'><strong>et</strong></span> <span class='ocrx_word' id='word_1_7' title='bbox 358 384 450 429; x_wconf 85' lang='lat' dir='ltr'><strong>caeso</strong></span> <span class='ocrx_word' id='word_1_8' title='bbox 466 371 635 431; x_wconf 84' lang='lat' dir='ltr'><strong>eommunis</strong></span> <span class='ocrx_word' id='word_1_9' title='bbox 650 371 808 432; x_wconf 84' lang='lat' dir='ltr'><strong>Terminus</strong></span> <span class='ocrx_word' id='word_1_10' title='bbox 824 390 914 450; x_wconf 89' lang='lat' dir='ltr'><strong>agno,</strong></span> 
     </span>
    </p>
   </div>
   <div class='ocr_carea' id='block_1_3' title="bbox 56 451 999 2877">
    <p class='ocr_par' dir='ltr' id='par_1_3' title="bbox 56 451 999 2877">
     <span class='ocr_line' id='line_1_3' title="bbox 175 451 913 530; baseline 0.008 -19"><span class='ocrx_word' id='word_1_11' title='bbox 175 451 238 511; x_wconf 88' lang='lat' dir='ltr'><strong>Nee</strong></span> <span class='ocrx_word' id='word_1_12' title='bbox 252 451 402 527; x_wconf 89' lang='lat' dir='ltr'><strong>queritur,</strong></span> <span class='ocrx_word' id='word_1_13' title='bbox 417 454 534 512; x_wconf 87' lang='lat' dir='ltr'><strong>laetans</strong></span> <span class='ocrx_word' id='word_1_14' title='bbox 549 468 617 513; x_wconf 86' lang='lat' dir='ltr'><strong>eum</strong></span> <span class='ocrx_word' id='word_1_15' title='bbox 632 455 690 514; x_wconf 94' lang='lat' dir='ltr'><strong>sibi</strong></span> <span class='ocrx_word' id='word_1_16' title='bbox 705 472 801 530; x_wconf 85' lang='lat' dir='ltr'><strong>porea</strong></span> <span class='ocrx_word' id='word_1_17' title='bbox 816 457 913 517; x_wconf 88' lang='lat' dir='ltr'><strong>datur.</strong></span> 
     </span>
     <span class='ocr_line' id='line_1_4' title="bbox 135 535 967 617; baseline 0.008 -21"><span class='ocrx_word' id='word_1_18' title='bbox 135 535 339 609; x_wconf 86' lang='lat' dir='ltr'><strong>Conveniunt,</strong></span> <span class='ocrx_word' id='word_1_19' title='bbox 356 537 573 613; x_wconf 81' lang='lat' dir='ltr'>celebrantque</span> <span class='ocrx_word' id='word_1_20' title='bbox 588 539 686 614; x_wconf 88' lang='lat' dir='ltr'><strong>dapes</strong></span> <span class='ocrx_word' id='word_1_21' title='bbox 701 540 813 600; x_wconf 84' lang='lat' dir='ltr'><strong>vicinia</strong></span> <span class='ocrx_word' id='word_1_22' title='bbox 827 541 967 617; x_wconf 85' lang='lat' dir='ltr'><strong>simplex,</strong></span> 
     </span>
     <span class='ocr_line' id='line_1_5' title="bbox 173 619 872 698; baseline -0.001 -18"><span class='ocrx_word' id='word_1_23' title='bbox 173 619 211 680; x_wconf 83' lang='lat' dir='ltr'><strong>Ilt</strong></span> <span class='ocrx_word' id='word_1_24' title='bbox 225 626 347 680; x_wconf 79' lang='lat' dir='ltr'><strong>cantant</strong></span> <span class='ocrx_word' id='word_1_25' title='bbox 362 620 484 694; x_wconf 90' lang='lat' dir='ltr'><strong>laudes,</strong></span> <span class='ocrx_word' id='word_1_26' title='bbox 499 621 638 681; x_wconf 82' lang='lat' dir='ltr'><strong>Termine</strong></span> <span class='ocrx_word' id='word_1_27' title='bbox 653 630 775 698; x_wconf 84' lang='lat' dir='ltr'><strong>saneta,</strong></span> <span class='ocrx_word' id='word_1_28' title='bbox 790 631 872 684; x_wconf 77' lang='lat' dir='ltr'><strong>tuas:</strong></span> 
     </span>
     <span class='ocr_line' id='line_1_6' title="bbox 136 703 911 781; baseline 0.001 -18"><span class='ocrx_word' id='word_1_29' title='bbox 136 706 191 763; x_wconf 75' lang='lat' dir='ltr'><strong>‘Tu</strong></span> <span class='ocrx_word' id='word_1_30' title='bbox 207 703 341 778; x_wconf 91' lang='lat' dir='ltr'><strong>populos</strong></span> <span class='ocrx_word' id='word_1_31' title='bbox 355 703 511 780; x_wconf 85' lang='lat' dir='ltr'><strong>urbesque</strong></span> <span class='ocrx_word' id='word_1_32' title='bbox 525 712 556 765; x_wconf 90' lang='lat' dir='ltr'><strong>et</strong></span> <span class='ocrx_word' id='word_1_33' title='bbox 569 721 664 780; x_wconf 85' lang='lat' dir='ltr'><strong>regna</strong></span> <span class='ocrx_word' id='word_1_34' title='bbox 678 707 812 781; x_wconf 87' lang='lat' dir='ltr'><strong>ingentia</strong></span> <span class='ocrx_word' id='word_1_35' title='bbox 826 709 911 768; x_wconf 67' lang='lat' dir='ltr'><strong>finise</strong></span> 
     </span>
     <span class='ocr_line' id='line_1_7' title="bbox 62 784 743 864; baseline 0.001 -17"><span class='ocrx_word' id='word_1_36' title='bbox 62 792 120 848; x_wconf 94' lang='grc'><strong>660</strong></span> <span class='ocrx_word' id='word_1_37' title='bbox 176 784 280 846; x_wconf 88' lang='lat' dir='ltr'><strong>Omnis</strong></span> <span class='ocrx_word' id='word_1_38' title='bbox 296 788 352 847; x_wconf 90' lang='lat' dir='ltr'><strong>erit</strong></span> <span class='ocrx_word' id='word_1_39' title='bbox 365 788 432 848; x_wconf 89' lang='lat' dir='ltr'><strong>sine</strong></span> <span class='ocrx_word' id='word_1_40' title='bbox 450 796 480 848; x_wconf 90' lang='lat' dir='ltr'><strong>te</strong></span> <span class='ocrx_word' id='word_1_41' title='bbox 493 789 644 863; x_wconf 87' lang='lat' dir='ltr'><strong>litigiosus</strong></span> <span class='ocrx_word' id='word_1_42' title='bbox 660 806 743 864; x_wconf 88' lang='lat' dir='ltr'><strong>ager.</strong></span> 
     </span>
     <span class='ocr_line' id='line_1_8' title="bbox 132 870 928 950; baseline 0.004 -20"><span class='ocrx_word' id='word_1_43' title='bbox 132 870 222 931; x_wconf 89' lang='lat' dir='ltr'><strong>Nulla</strong></span> <span class='ocrx_word' id='word_1_44' title='bbox 235 870 288 930; x_wconf 91' lang='lat' dir='ltr'><strong>tibi</strong></span> <span class='ocrx_word' id='word_1_45' title='bbox 304 871 427 932; x_wconf 80' lang='lat' dir='ltr'>ambitio</span> <span class='ocrx_word' id='word_1_46' title='bbox 444 879 504 945; x_wconf 89' lang='lat' dir='ltr'><strong>est,</strong></span> <span class='ocrx_word' id='word_1_47' title='bbox 519 874 603 933; x_wconf 90' lang='lat' dir='ltr'><strong>nullo</strong></span> <span class='ocrx_word' id='word_1_48' title='bbox 622 875 826 950; x_wconf 85' lang='lat' dir='ltr'><strong>corrumperis</strong></span> <span class='ocrx_word' id='word_1_49' title='bbox 844 892 928 936; x_wconf 88' lang='lat' dir='ltr'><strong>auro.</strong></span> 
     </span>
     <span class='ocr_line' id='line_1_9' title="bbox 172 953 747 1030; baseline 0.002 -16"><span class='ocrx_word' id='word_1_50' title='bbox 172 953 318 1030; x_wconf 82' lang='lat' dir='ltr'><strong>Legitima</strong></span> <span class='ocrx_word' id='word_1_51' title='bbox 334 971 443 1015; x_wconf 88' lang='lat' dir='ltr'><strong>servas</strong></span> <span class='ocrx_word' id='word_1_52' title='bbox 459 956 575 1016; x_wconf 86' lang='lat' dir='ltr'><strong>creditu</strong></span> <span class='ocrx_word' id='word_1_53' title='bbox 590 973 661 1016; x_wconf 88' lang='lat' dir='ltr'><strong>rura</strong></span> <span class='ocrx_word' id='word_1_54' title='bbox 675 957 747 1017; x_wconf 88' lang='lat' dir='ltr'><strong>ilde.</strong></span> 
     </span>
     <span class='ocr_line' id='line_1_10' title="bbox 134 1038 808 1118; baseline 0.001 -19"><span class='ocrx_word' id='word_1_55' title='bbox 134 1038 212 1099; x_wconf 87' lang='lat' dir='ltr'><strong>Situ</strong></span> <span class='ocrx_word' id='word_1_56' title='bbox 227 1039 387 1113; x_wconf 82' lang='lat' dir='ltr'><strong>signasses</strong></span> <span class='ocrx_word' id='word_1_57' title='bbox 404 1039 475 1100; x_wconf 90' lang='lat' dir='ltr'><strong>olim</strong></span> <span class='ocrx_word' id='word_1_58' title='bbox 489 1040 675 1118; x_wconf 80' lang='lat' dir='ltr'><strong>Thyreatida</strong></span> <span class='ocrx_word' id='word_1_59' title='bbox 689 1048 808 1116; x_wconf 87' lang='lat' dir='ltr'><strong>terrum,</strong></span> 
     </span>
     <span class='ocr_line' id='line_1_11' title="bbox 176 1123 844 1199; baseline 0.004 -17"><span class='ocrx_word' id='word_1_60' title='bbox 176 1123 312 1198; x_wconf 84' lang='lat' dir='ltr'><strong>Corpora</strong></span> <span class='ocrx_word' id='word_1_61' title='bbox 327 1139 388 1182; x_wconf 89' lang='lat' dir='ltr'><strong>non</strong></span> <span class='ocrx_word' id='word_1_62' title='bbox 402 1125 463 1184; x_wconf 89' lang='lat' dir='ltr'><strong>leto</strong></span> <span class='ocrx_word' id='word_1_63' title='bbox 478 1125 574 1184; x_wconf 89' lang='lat' dir='ltr'><strong>missa</strong></span> <span class='ocrx_word' id='word_1_64' title='bbox 587 1130 723 1184; x_wconf 84' lang='lat' dir='ltr'><strong>trecenta</strong></span> <span class='ocrx_word' id='word_1_65' title='bbox 736 1126 844 1199; x_wconf 81' lang='lat' dir='ltr'><strong>forent,</strong></span> 
     </span>
     <span class='ocr_line' id='line_1_12' title="bbox 59 1205 923 1286; baseline 0.002 -21"><span class='ocrx_word' id='word_1_66' title='bbox 59 1220 116 1275; x_wconf 81' lang='lat'><strong>665</strong></span> <span class='ocrx_word' id='word_1_67' title='bbox 132 1207 195 1266; x_wconf 86' lang='lat' dir='ltr'><strong>Nee</strong></span> <span class='ocrx_word' id='word_1_68' title='bbox 210 1207 288 1267; x_wconf 86' lang='lat' dir='ltr'><strong>toret</strong></span> <span class='ocrx_word' id='word_1_69' title='bbox 303 1205 476 1286; x_wconf 83' lang='lat' dir='ltr'><strong>Othryades</strong></span> <span class='ocrx_word' id='word_1_70' title='bbox 492 1207 647 1283; x_wconf 81' lang='lat' dir='ltr'><strong>congestis</strong></span> <span class='ocrx_word' id='word_1_71' title='bbox 665 1210 761 1268; x_wconf 83' lang='lat' dir='ltr'><strong>lectus</strong></span> <span class='ocrx_word' id='word_1_72' title='bbox 776 1209 806 1267; x_wconf 92' lang='lat' dir='ltr'><strong>in</strong></span> <span class='ocrx_word' id='word_1_73' title='bbox 822 1211 923 1270; x_wconf 88' lang='lat' dir='ltr'><strong>aunis.</strong></span> 
     </span>
     <span class='ocr_line' id='line_1_13' title="bbox 173 1288 841 1367; baseline 0 -17"><span class='ocrx_word' id='word_1_74' title='bbox 173 1288 196 1350; x_wconf 94' lang='lat'>0</span> <span class='ocrx_word' id='word_1_75' title='bbox 213 1298 359 1366; x_wconf 91' lang='lat' dir='ltr'><strong>quantum</strong></span> <span class='ocrx_word' id='word_1_76' title='bbox 374 1292 491 1367; x_wconf 89' lang='lat' dir='ltr'><strong>patriae</strong></span> <span class='ocrx_word' id='word_1_77' title='bbox 505 1291 663 1367; x_wconf 79' lang='lat' dir='ltr'><strong>sanguinis</strong></span> <span class='ocrx_word' id='word_1_78' title='bbox 677 1293 728 1352; x_wconf 92' lang='lat' dir='ltr'><strong>ille</strong></span> <span class='ocrx_word' id='word_1_79' title='bbox 743 1293 841 1352; x_wconf 83' lang='lat' dir='ltr'><strong>dediti</strong></span> 
     </span>
     <span class='ocr_line' id='line_1_14' title="bbox 133 1374 999 1451; baseline 0.005 -17"><span class='ocrx_word' id='word_1_80' title='bbox 133 1374 227 1449; x_wconf 82' lang='lat' dir='ltr'><strong>Quid,</strong></span> <span class='ocrx_word' id='word_1_81' title='bbox 243 1391 326 1434; x_wconf 90' lang='lat' dir='ltr'><strong>nova</strong></span> <span class='ocrx_word' id='word_1_82' title='bbox 341 1392 409 1436; x_wconf 85' lang='lat' dir='ltr'><strong>eum</strong></span> <span class='ocrx_word' id='word_1_83' title='bbox 422 1376 532 1435; x_wconf 90' lang='lat' dir='ltr'><strong>fierent</strong></span> <span class='ocrx_word' id='word_1_84' title='bbox 546 1375 714 1451; x_wconf 76' lang='lat' dir='ltr'><strong>Capitoliat</strong></span> <span class='ocrx_word' id='word_1_85' title='bbox 744 1392 854 1451; x_wconf 87' lang='lat' dir='ltr'><strong>nempe</strong></span> <span class='ocrx_word' id='word_1_86' title='bbox 871 1377 999 1440; x_wconf 90' lang='lat' dir='ltr'><strong>deorum</strong></span> 
     </span>
     <span class='ocr_line' id='line_1_15' title="bbox 174 1458 888 1536; baseline 0 -18"><span class='ocrx_word' id='word_1_87' title='bbox 174 1458 287 1519; x_wconf 83' lang='lat' dir='ltr'><strong>cuneta</strong></span> <span class='ocrx_word' id='word_1_88' title='bbox 304 1459 369 1520; x_wconf 89' lang='lat' dir='ltr'><strong>lovi</strong></span> <span class='ocrx_word' id='word_1_89' title='bbox 384 1461 478 1520; x_wconf 84' lang='lat' dir='ltr'><strong>uessit</strong></span> <span class='ocrx_word' id='word_1_90' title='bbox 491 1461 596 1535; x_wconf 89' lang='lat' dir='ltr'><strong>turba,</strong></span> <span class='ocrx_word' id='word_1_91' title='bbox 615 1460 779 1536; x_wconf 81' lang='lat' dir='ltr'><strong>locumque</strong></span> <span class='ocrx_word' id='word_1_92' title='bbox 795 1460 888 1520; x_wconf 84' lang='lat' dir='ltr'><strong>dedit.</strong></span> 
     </span>
     <span class='ocr_line' id='line_1_16' title="bbox 131 1542 992 1619; baseline 0.006 -19"><span class='ocrx_word' id='word_1_93' title='bbox 131 1542 305 1618; x_wconf 89' lang='lat' dir='ltr'><strong>Terminus,</strong></span> <span class='ocrx_word' id='word_1_94' title='bbox 321 1550 354 1605; x_wconf 91' lang='lat' dir='ltr'><strong>ut</strong></span> <span class='ocrx_word' id='word_1_95' title='bbox 372 1550 493 1604; x_wconf 87' lang='lat' dir='ltr'><strong>veteres</strong></span> <span class='ocrx_word' id='word_1_96' title='bbox 510 1551 693 1619; x_wconf 86' lang='lat' dir='ltr'><strong>memorant,</strong></span> <span class='ocrx_word' id='word_1_97' title='bbox 709 1544 850 1604; x_wconf 90' lang='lat' dir='ltr'><strong>inventus</strong></span> <span class='ocrx_word' id='word_1_98' title='bbox 866 1544 896 1603; x_wconf 93' lang='lat' dir='ltr'><strong>in</strong></span> <span class='ocrx_word' id='word_1_99' title='bbox 914 1545 992 1605; x_wconf 87' lang='lat' dir='ltr'><strong>aede</strong></span> 
     </span>
     <span class='ocr_line' id='line_1_17' title="bbox 59 1627 867 1703; baseline -0.005 -13"><span class='ocrx_word' id='word_1_100' title='bbox 59 1635 118 1690; x_wconf 81' lang='grc'><strong>670</strong></span> <span class='ocrx_word' id='word_1_101' title='bbox 172 1627 294 1688; x_wconf 91' lang='lat' dir='ltr'><strong>Restitit</strong></span> <span class='ocrx_word' id='word_1_102' title='bbox 308 1634 338 1687; x_wconf 91' lang='lat' dir='ltr'><strong>et</strong></span> <span class='ocrx_word' id='word_1_103' title='bbox 351 1643 462 1703; x_wconf 88' lang='lat' dir='ltr'><strong>magno</strong></span> <span class='ocrx_word' id='word_1_104' title='bbox 478 1643 547 1689; x_wconf 86' lang='lat' dir='ltr'><strong>eum</strong></span> <span class='ocrx_word' id='word_1_105' title='bbox 560 1630 633 1688; x_wconf 90' lang='lat' dir='ltr'><strong>Iove</strong></span> <span class='ocrx_word' id='word_1_106' title='bbox 647 1630 760 1703; x_wconf 91' lang='lat' dir='ltr'><strong>templa</strong></span> <span class='ocrx_word' id='word_1_107' title='bbox 777 1634 867 1687; x_wconf 90' lang='lat' dir='ltr'><strong>tenet.</strong></span> 
     </span>
     <span class='ocr_line' id='line_1_18' title="bbox 130 1711 998 1787; baseline 0.001 -17"><span class='ocrx_word' id='word_1_108' title='bbox 130 1711 218 1785; x_wconf 82' lang='lat' dir='ltr'><strong>Nune</strong></span> <span class='ocrx_word' id='word_1_109' title='bbox 234 1728 373 1787; x_wconf 92' lang='lat' dir='ltr'><strong>quoque,</strong></span> <span class='ocrx_word' id='word_1_110' title='bbox 389 1728 424 1771; x_wconf 89' lang='lat' dir='ltr'><strong>se</strong></span> <span class='ocrx_word' id='word_1_111' title='bbox 444 1728 538 1787; x_wconf 90' lang='lat' dir='ltr'><strong>supra</strong></span> <span class='ocrx_word' id='word_1_112' title='bbox 552 1728 591 1772; x_wconf 92' lang='lat' dir='ltr'><strong>ne</strong></span> <span class='ocrx_word' id='word_1_113' title='bbox 606 1712 680 1786; x_wconf 92' lang='lat' dir='ltr'><strong>quid</strong></span> <span class='ocrx_word' id='word_1_114' title='bbox 694 1712 753 1772; x_wconf 94' lang='lat' dir='ltr'><strong>nisi</strong></span> <span class='ocrx_word' id='word_1_115' title='bbox 769 1712 872 1772; x_wconf 90' lang='lat' dir='ltr'><strong>sidera</strong></span> <span class='ocrx_word' id='word_1_116' title='bbox 886 1719 998 1786; x_wconf 83' lang='lat' dir='ltr'><strong>cernat,</strong></span> 
     </span>
     <span class='ocr_line' id='line_1_19' title="bbox 172 1795 823 1871; baseline -0.003 -17"><span class='ocrx_word' id='word_1_117' title='bbox 172 1795 324 1870; x_wconf 82' lang='lat' dir='ltr'><strong>Exiguum</strong></span> <span class='ocrx_word' id='word_1_118' title='bbox 337 1797 441 1871; x_wconf 90' lang='lat' dir='ltr'><strong>templi</strong></span> <span class='ocrx_word' id='word_1_119' title='bbox 456 1803 535 1855; x_wconf 84' lang='lat' dir='ltr'><strong>tecta</strong></span> <span class='ocrx_word' id='word_1_120' title='bbox 551 1797 688 1856; x_wconf 84' lang='lat' dir='ltr'><strong>toramen</strong></span> <span class='ocrx_word' id='word_1_121' title='bbox 703 1795 823 1856; x_wconf 88' lang='lat' dir='ltr'><strong>habent.</strong></span> 
     </span>
     <span class='ocr_line' id='line_1_20' title="bbox 131 1879 919 1955; baseline -0.005 -17"><span class='ocrx_word' id='word_1_122' title='bbox 131 1880 286 1953; x_wconf 90' lang='lat' dir='ltr'><strong>Termine,</strong></span> <span class='ocrx_word' id='word_1_123' title='bbox 302 1886 374 1955; x_wconf 91' lang='lat' dir='ltr'><strong>post</strong></span> <span class='ocrx_word' id='word_1_124' title='bbox 387 1879 462 1938; x_wconf 92' lang='lat' dir='ltr'><strong>illud</strong></span> <span class='ocrx_word' id='word_1_125' title='bbox 476 1880 585 1940; x_wconf 88' lang='lat' dir='ltr'><strong>levitas</strong></span> <span class='ocrx_word' id='word_1_126' title='bbox 602 1879 655 1939; x_wconf 92' lang='lat' dir='ltr'><strong>tibi</strong></span> <span class='ocrx_word' id='word_1_127' title='bbox 671 1879 767 1939; x_wconf 88' lang='lat' dir='ltr'><strong>libera</strong></span> <span class='ocrx_word' id='word_1_128' title='bbox 781 1894 842 1939; x_wconf 91' lang='lat' dir='ltr'><strong>non</strong></span> <span class='ocrx_word' id='word_1_129' title='bbox 857 1885 919 1939; x_wconf 65' lang='lat' dir='ltr'><strong>este</strong></span> 
     </span>
     <span class='ocr_line' id='line_1_21' title="bbox 173 1963 802 2038; baseline -0.002 -16"><span class='ocrx_word' id='word_1_130' title='bbox 173 1963 238 2038; x_wconf 80' lang='lat' dir='ltr'><strong>Qua</strong></span> <span class='ocrx_word' id='word_1_131' title='bbox 252 1964 372 2037; x_wconf 90' lang='lat' dir='ltr'><strong>positus</strong></span> <span class='ocrx_word' id='word_1_132' title='bbox 387 1963 481 2024; x_wconf 80' lang='lat' dir='ltr'><strong>fueris</strong></span> <span class='ocrx_word' id='word_1_133' title='bbox 497 1964 528 2022; x_wconf 90' lang='lat' dir='ltr'><strong>in</strong></span> <span class='ocrx_word' id='word_1_134' title='bbox 542 1963 689 2036; x_wconf 90' lang='lat' dir='ltr'><strong>statione,</strong></span> <span class='ocrx_word' id='word_1_135' title='bbox 704 1978 802 2036; x_wconf 90' lang='lat' dir='ltr'><strong>mane,</strong></span> 
     </span>
     <span class='ocr_line' id='line_1_22' title="bbox 59 2045 836 2123; baseline -0.004 -17"><span class='ocrx_word' id='word_1_136' title='bbox 59 2052 116 2107; x_wconf 84' lang='lat'><strong>675</strong></span> <span class='ocrx_word' id='word_1_137' title='bbox 134 2047 196 2106; x_wconf 86' lang='lat' dir='ltr'><strong>Nec</strong></span> <span class='ocrx_word' id='word_1_138' title='bbox 210 2055 244 2108; x_wconf 92' lang='lat' dir='ltr'><strong>tu</strong></span> <span class='ocrx_word' id='word_1_139' title='bbox 257 2047 358 2107; x_wconf 85' lang='lat' dir='ltr'><strong>vicino</strong></span> <span class='ocrx_word' id='word_1_140' title='bbox 377 2048 542 2123; x_wconf 85' lang='lat' dir='ltr'><strong>quiequam</strong></span> <span class='ocrx_word' id='word_1_141' title='bbox 558 2047 695 2106; x_wconf 79' lang='lat' dir='ltr'><strong>consede</strong></span> <span class='ocrx_word' id='word_1_142' title='bbox 709 2045 836 2120; x_wconf 89' lang='lat' dir='ltr'><strong>roganti,</strong></span> 
     </span>
     <span class='ocr_line' id='line_1_23' title="bbox 172 2127 858 2206; baseline -0.009 -16"><span class='ocrx_word' id='word_1_143' title='bbox 172 2131 216 2190; x_wconf 88' lang='lat' dir='ltr'><strong>Ne</strong></span> <span class='ocrx_word' id='word_1_144' title='bbox 233 2131 357 2192; x_wconf 89' lang='lat' dir='ltr'><strong>videare</strong></span> <span class='ocrx_word' id='word_1_145' title='bbox 375 2131 528 2190; x_wconf 90' lang='lat' dir='ltr'><strong>hominem</strong></span> <span class='ocrx_word' id='word_1_146' title='bbox 543 2129 764 2206; x_wconf 86' lang='lat' dir='ltr'><strong>praeposuisse</strong></span> <span class='ocrx_word' id='word_1_147' title='bbox 777 2127 858 2187; x_wconf 64' lang='lat' dir='ltr'><strong>lovis</strong></span> 
     </span>
     <span class='ocr_line' id='line_1_24' title="bbox 130 2212 873 2291; baseline -0.005 -17"><span class='ocrx_word' id='word_1_148' title='bbox 130 2216 168 2274; x_wconf 82' lang='lat' dir='ltr'><strong>Et</strong></span> <span class='ocrx_word' id='word_1_149' title='bbox 182 2231 239 2275; x_wconf 90' lang='lat' dir='ltr'><strong>seu</strong></span> <span class='ocrx_word' id='word_1_150' title='bbox 252 2215 443 2288; x_wconf 84' lang='lat' dir='ltr'><strong>vomeribus,</strong></span> <span class='ocrx_word' id='word_1_151' title='bbox 459 2231 515 2275; x_wconf 89' lang='lat' dir='ltr'><strong>seu</strong></span> <span class='ocrx_word' id='word_1_152' title='bbox 530 2222 563 2275; x_wconf 93' lang='lat' dir='ltr'><strong>tu</strong></span> <span class='ocrx_word' id='word_1_153' title='bbox 577 2213 741 2291; x_wconf 87' lang='lat' dir='ltr'><strong>pulsabere</strong></span> <span class='ocrx_word' id='word_1_154' title='bbox 757 2212 873 2284; x_wconf 80' lang='lat' dir='ltr'><strong>rastris,</strong></span> 
     </span>
     <span class='ocr_line' id='line_1_25' title="bbox 174 2298 848 2374; baseline -0.007 -15"><span class='ocrx_word' id='word_1_155' title='bbox 174 2299 307 2359; x_wconf 83' lang='lat' dir='ltr'><strong>clamato</strong></span> <span class='ocrx_word' id='word_1_156' title='bbox 324 2299 417 2360; x_wconf 73' lang='lat' dir='ltr'><strong>‘Tuus</strong></span> <span class='ocrx_word' id='word_1_157' title='bbox 437 2306 484 2358; x_wconf 91' lang='lat' dir='ltr'><strong>est</strong></span> <span class='ocrx_word' id='word_1_158' title='bbox 497 2298 547 2357; x_wconf 85' lang='lat' dir='ltr'><strong>hie</strong></span> <span class='ocrx_word' id='word_1_159' title='bbox 561 2314 648 2374; x_wconf 89' lang='lat' dir='ltr'><strong>ager,</strong></span> <span class='ocrx_word' id='word_1_160' title='bbox 664 2298 714 2357; x_wconf 92' lang='lat' dir='ltr'><strong>ille</strong></span> <span class='ocrx_word' id='word_1_161' title='bbox 730 2312 806 2357; x_wconf 90' lang='lat' dir='ltr'><strong>suus</strong></span> <span class='ocrx_word' id='word_1_162' title='bbox 815 2299 848 2354; x_wconf 66' lang='grc' dir='ltr'><strong>ν’</strong></span> 
     </span>
     <span class='ocr_line' id='line_1_26' title="bbox 131 2380 969 2458; baseline -0.002 -16"><span class='ocrx_word' id='word_1_163' title='bbox 131 2384 185 2444; x_wconf 81' lang='lat' dir='ltr'><strong>Est</strong></span> <span class='ocrx_word' id='word_1_164' title='bbox 200 2384 265 2456; x_wconf 89' lang='lat' dir='ltr'><strong>via,</strong></span> <span class='ocrx_word' id='word_1_165' title='bbox 281 2383 361 2458; x_wconf 88' lang='lat' dir='ltr'><strong>quae</strong></span> <span class='ocrx_word' id='word_1_166' title='bbox 375 2383 523 2458; x_wconf 91' lang='lat' dir='ltr'><strong>populum</strong></span> <span class='ocrx_word' id='word_1_167' title='bbox 538 2383 705 2443; x_wconf 86' lang='lat' dir='ltr'><strong>Laurentes</strong></span> <span class='ocrx_word' id='word_1_168' title='bbox 721 2380 805 2442; x_wconf 90' lang='lat' dir='ltr'><strong>dueit</strong></span> <span class='ocrx_word' id='word_1_169' title='bbox 821 2381 851 2439; x_wconf 94' lang='lat' dir='ltr'><strong>in</strong></span> <span class='ocrx_word' id='word_1_170' title='bbox 867 2394 969 2453; x_wconf 85' lang='lat' dir='ltr'><strong>agros,</strong></span> 
     </span>
     <span class='ocr_line' id='line_1_27' title="bbox 56 2465 811 2541; baseline -0.007 -14"><span class='ocrx_word' id='word_1_171' title='bbox 56 2480 115 2534; x_wconf 81' lang='lat'><strong>680</strong></span> <span class='ocrx_word' id='word_1_172' title='bbox 169 2466 329 2541; x_wconf 80' lang='lat' dir='ltr'><strong>Quondam</strong></span> <span class='ocrx_word' id='word_1_173' title='bbox 343 2466 498 2527; x_wconf 89' lang='lat' dir='ltr'><strong>Dardanio</strong></span> <span class='ocrx_word' id='word_1_174' title='bbox 514 2482 609 2541; x_wconf 89' lang='lat' dir='ltr'><strong>regna</strong></span> <span class='ocrx_word' id='word_1_175' title='bbox 622 2465 717 2541; x_wconf 86' lang='lat' dir='ltr'><strong>petita</strong></span> <span class='ocrx_word' id='word_1_176' title='bbox 732 2465 811 2524; x_wconf 86' lang='lat' dir='ltr'><strong>duci.</strong></span> 
     </span>
     <span class='ocr_line' id='line_1_28' title="bbox 130 2548 817 2626; baseline -0.003 -18"><span class='ocrx_word' id='word_1_177' title='bbox 130 2551 184 2610; x_wconf 87' lang='lat' dir='ltr'><strong>llla</strong></span> <span class='ocrx_word' id='word_1_178' title='bbox 199 2551 325 2626; x_wconf 88' lang='lat' dir='ltr'><strong>lanigeri</strong></span> <span class='ocrx_word' id='word_1_179' title='bbox 341 2551 464 2626; x_wconf 86' lang='lat' dir='ltr'><strong>peeoris</strong></span> <span class='ocrx_word' id='word_1_180' title='bbox 477 2549 546 2624; x_wconf 85' lang='lat' dir='ltr'><strong>tibi,</strong></span> <span class='ocrx_word' id='word_1_181' title='bbox 561 2550 715 2623; x_wconf 88' lang='lat' dir='ltr'><strong>Termine,</strong></span> <span class='ocrx_word' id='word_1_182' title='bbox 731 2548 817 2608; x_wconf 85' lang='lat' dir='ltr'><strong>tibris</strong></span> 
     </span>
     <span class='ocr_line' id='line_1_29' title="bbox 169 2632 824 2707; baseline -0.011 -13"><span class='ocrx_word' id='word_1_183' title='bbox 169 2633 265 2694; x_wconf 82' lang='lat' dir='ltr'><strong>Sacra</strong></span> <span class='ocrx_word' id='word_1_184' title='bbox 279 2635 362 2695; x_wconf 89' lang='lat' dir='ltr'><strong>videt</strong></span> <span class='ocrx_word' id='word_1_185' title='bbox 376 2634 442 2694; x_wconf 89' lang='lat' dir='ltr'><strong>fieri</strong></span> <span class='ocrx_word' id='word_1_186' title='bbox 458 2641 564 2694; x_wconf 90' lang='lat' dir='ltr'><strong>sextus</strong></span> <span class='ocrx_word' id='word_1_187' title='bbox 580 2633 618 2692; x_wconf 87' lang='lat' dir='ltr'><strong>ab</strong></span> <span class='ocrx_word' id='word_1_188' title='bbox 633 2632 717 2694; x_wconf 90' lang='lat' dir='ltr'><strong>Urbe</strong></span> <span class='ocrx_word' id='word_1_189' title='bbox 735 2632 824 2707; x_wconf 87' lang='lat' dir='ltr'><strong>lapis.</strong></span> 
     </span>
     <span class='ocr_line' id='line_1_30' title="bbox 132 2717 835 2779; baseline -0.013 -1"><span class='ocrx_word' id='word_1_190' title='bbox 132 2718 278 2779; x_wconf 87' lang='lat' dir='ltr'><strong>Gentibus</strong></span> <span class='ocrx_word' id='word_1_191' title='bbox 293 2727 341 2778; x_wconf 92' lang='lat' dir='ltr'><strong>est</strong></span> <span class='ocrx_word' id='word_1_192' title='bbox 355 2719 422 2777; x_wconf 88' lang='lat' dir='ltr'><strong>aliis</strong></span> <span class='ocrx_word' id='word_1_193' title='bbox 437 2717 527 2776; x_wconf 90' lang='lat' dir='ltr'><strong>tellus</strong></span> <span class='ocrx_word' id='word_1_194' title='bbox 543 2717 614 2776; x_wconf 89' lang='lat' dir='ltr'><strong>data</strong></span> <span class='ocrx_word' id='word_1_195' title='bbox 627 2717 721 2775; x_wconf 92' lang='lat' dir='ltr'><strong>limite</strong></span> <span class='ocrx_word' id='word_1_196' title='bbox 736 2722 835 2776; x_wconf 77' lang='lat' dir='ltr'><strong>certo:</strong></span> 
     </span>
     <span class='ocr_line' id='line_1_31' title="bbox 170 2798 888 2877; baseline -0.01 -14"><span class='ocrx_word' id='word_1_197' title='bbox 170 2804 327 2864; x_wconf 88' lang='lat' dir='ltr'><strong>Romanae</strong></span> <span class='ocrx_word' id='word_1_198' title='bbox 342 2802 474 2877; x_wconf 89' lang='lat' dir='ltr'><strong>spatium</strong></span> <span class='ocrx_word' id='word_1_199' title='bbox 489 2809 536 2860; x_wconf 89' lang='lat' dir='ltr'><strong>est</strong></span> <span class='ocrx_word' id='word_1_200' title='bbox 549 2800 640 2861; x_wconf 87' lang='lat' dir='ltr'><strong>Urbis</strong></span> <span class='ocrx_word' id='word_1_201' title='bbox 655 2808 686 2860; x_wconf 89' lang='lat' dir='ltr'><strong>et</strong></span> <span class='ocrx_word' id='word_1_202' title='bbox 699 2798 781 2859; x_wconf 90' lang='lat' dir='ltr'><strong>orbis</strong></span> <span class='ocrx_word' id='word_1_203' title='bbox 796 2798 888 2857; x_wconf 91' lang='lat' dir='ltr'><strong>idem.</strong></span> 
     </span>
    </p>
   </div>
   <div class='ocr_carea' id='block_1_4' title="bbox 392 2933 712 2996">
    <p class='ocr_par' dir='ltr' id='par_1_4' title="bbox 392 2933 712 2996">
     <span class='ocr_line' id='line_1_32' title="bbox 392 2933 712 2996; baseline -0.013 0"><span class='ocrx_word' id='word_1_204' title='bbox 392 2933 443 2996; x_wconf 79' lang='lat'><strong>24.</strong></span> <span class='ocrx_word' id='word_1_205' title='bbox 474 2933 712 2995; x_wconf 85' lang='lat' dir='ltr'><strong>GREGIF·N</strong></span> 
     </span>
    </p>
   </div>
   <div class='ocr_carea' id='block_1_5' title="bbox 58 3051 945 3551">
    <p class='ocr_par' dir='ltr' id='par_1_5' title="bbox 59 3051 945 3382">
     <span class='ocr_line' id='line_1_33' title="bbox 59 3051 945 3130; baseline -0.001 -17"><span class='ocrx_word' id='word_1_206' title='bbox 59 3064 116 3123; x_wconf 77' lang='lat'><strong>585</strong></span> <span class='ocrx_word' id='word_1_207' title='bbox 131 3054 217 3116; x_wconf 85' lang='lat' dir='ltr'><strong>Nune</strong></span> <span class='ocrx_word' id='word_1_208' title='bbox 232 3055 304 3115; x_wconf 90' lang='lat' dir='ltr'><strong>mihi</strong></span> <span class='ocrx_word' id='word_1_209' title='bbox 320 3055 451 3114; x_wconf 85' lang='lat' dir='ltr'><strong>dicenda</strong></span> <span class='ocrx_word' id='word_1_210' title='bbox 465 3060 514 3115; x_wconf 88' lang='lat' dir='ltr'><strong>est</strong></span> <span class='ocrx_word' id='word_1_211' title='bbox 526 3054 608 3130; x_wconf 89' lang='lat' dir='ltr'><strong>regis</strong></span> <span class='ocrx_word' id='word_1_212' title='bbox 624 3055 705 3130; x_wconf 88' lang='lat' dir='ltr'><strong>iuga.</strong></span> <span class='ocrx_word' id='word_1_213' title='bbox 733 3054 823 3114; x_wconf 86' lang='lat' dir='ltr'><strong>traxit</strong></span> <span class='ocrx_word' id='word_1_214' title='bbox 838 3054 877 3114; x_wconf 89' lang='lat' dir='ltr'><strong>ab</strong></span> <span class='ocrx_word' id='word_1_215' title='bbox 894 3051 945 3113; x_wconf 87' lang='lat' dir='ltr'><strong>illa</strong></span> 
     </span>
     <span class='ocr_line' id='line_1_34' title="bbox 170 3138 844 3200; baseline -0.006 0"><span class='ocrx_word' id='word_1_216' title='bbox 170 3138 284 3200; x_wconf 86' lang='lat' dir='ltr'><strong>Sextus</strong></span> <span class='ocrx_word' id='word_1_217' title='bbox 299 3139 337 3198; x_wconf 89' lang='lat' dir='ltr'><strong>ab</strong></span> <span class='ocrx_word' id='word_1_218' title='bbox 353 3147 489 3198; x_wconf 88' lang='lat' dir='ltr'><strong>extremo</strong></span> <span class='ocrx_word' id='word_1_219' title='bbox 506 3139 630 3197; x_wconf 86' lang='lat' dir='ltr'><strong>uomina</strong></span> <span class='ocrx_word' id='word_1_220' title='bbox 644 3153 750 3199; x_wconf 90' lang='lat' dir='ltr'><strong>mense</strong></span> <span class='ocrx_word' id='word_1_221' title='bbox 765 3138 844 3197; x_wconf 91' lang='lat' dir='ltr'><strong>dies.</strong></span> 
     </span>
     <span class='ocr_line' id='line_1_35' title="bbox 128 3222 871 3296; baseline -0.008 -12"><span class='ocrx_word' id='word_1_222' title='bbox 128 3223 239 3284; x_wconf 89' lang='lat' dir='ltr'><strong>Ultima</strong></span> <span class='ocrx_word' id='word_1_223' title='bbox 253 3222 434 3296; x_wconf 84' lang='lat' dir='ltr'><strong>Tarquinius</strong></span> <span class='ocrx_word' id='word_1_224' title='bbox 450 3223 608 3282; x_wconf 89' lang='lat' dir='ltr'><strong>Romanae</strong></span> <span class='ocrx_word' id='word_1_225' title='bbox 624 3223 723 3296; x_wconf 88' lang='lat' dir='ltr'><strong>gentis</strong></span> <span class='ocrx_word' id='word_1_226' title='bbox 737 3222 871 3282; x_wconf 87' lang='lat' dir='ltr'><strong>habebat</strong></span> 
     </span>
     <span class='ocr_line' id='line_1_36' title="bbox 123 3304 893 3382; baseline -0.001 -18"><span class='ocrx_word' id='word_1_227' title='bbox 123 3347 126 3364; x_wconf 88' lang='lat'><strong><em>.</em></strong></span> <span class='ocrx_word' id='word_1_228' title='bbox 166 3308 289 3382; x_wconf 85' lang='lat' dir='ltr'><strong>Regna,</strong></span> <span class='ocrx_word' id='word_1_229' title='bbox 304 3307 352 3366; x_wconf 87' lang='lat' dir='ltr'><strong>vir</strong></span> <span class='ocrx_word' id='word_1_230' title='bbox 367 3307 512 3378; x_wconf 89' lang='lat' dir='ltr'><strong>iniustus,</strong></span> <span class='ocrx_word' id='word_1_231' title='bbox 529 3304 615 3365; x_wconf 87' lang='lat' dir='ltr'><strong>tortis</strong></span> <span class='ocrx_word' id='word_1_232' title='bbox 631 3306 670 3364; x_wconf 90' lang='lat' dir='ltr'><strong>ad</strong></span> <span class='ocrx_word' id='word_1_233' title='bbox 685 3322 770 3366; x_wconf 87' lang='lat' dir='ltr'><strong>arma</strong></span> <span class='ocrx_word' id='word_1_234' title='bbox 782 3313 893 3366; x_wconf 89' lang='lat' dir='ltr'><strong>tamen.</strong></span> 
     </span>
    </p>

    <p class='ocr_par' dir='ltr' id='par_1_6' title="bbox 58 3389 806 3551">
     <span class='ocr_line' id='line_1_37' title="bbox 132 3389 806 3465; baseline 0 -15"><span class='ocrx_word' id='word_1_235' title='bbox 132 3389 261 3465; x_wconf 84' lang='lat' dir='ltr'><strong>Ceperat</strong></span> <span class='ocrx_word' id='word_1_236' title='bbox 274 3391 325 3449; x_wconf 84' lang='lat' dir='ltr'><strong>hic</strong></span> <span class='ocrx_word' id='word_1_237' title='bbox 340 3391 431 3464; x_wconf 87' lang='lat' dir='ltr'><strong>alias,</strong></span> <span class='ocrx_word' id='word_1_238' title='bbox 447 3389 524 3450; x_wconf 88' lang='lat' dir='ltr'><strong>alias</strong></span> <span class='ocrx_word' id='word_1_239' title='bbox 540 3394 690 3448; x_wconf 86' lang='lat' dir='ltr'><strong>everterat</strong></span> <span class='ocrx_word' id='word_1_240' title='bbox 703 3389 806 3457; x_wconf 85' lang='lat' dir='ltr'><strong>urbes.</strong></span> 
     </span>
     <span class='ocr_line' id='line_1_38' title="bbox 58 3475 742 3551; baseline -0.01 -13"><span class='ocrx_word' id='word_1_241' title='bbox 58 3483 117 3538; x_wconf 83' lang='grc'><strong>690</strong></span> <span class='ocrx_word' id='word_1_242' title='bbox 173 3475 208 3534; x_wconf 84' lang='lat' dir='ltr'><strong>llt</strong></span> <span class='ocrx_word' id='word_1_243' title='bbox 225 3475 339 3535; x_wconf 87' lang='lat' dir='ltr'><strong>Gabios</strong></span> <span class='ocrx_word' id='word_1_244' title='bbox 355 3476 433 3551; x_wconf 81' lang='lat' dir='ltr'><strong>turpi</strong></span> <span class='ocrx_word' id='word_1_245' title='bbox 448 3475 562 3534; x_wconf 81' lang='lat' dir='ltr'><strong>lecerat</strong></span> <span class='ocrx_word' id='word_1_246' title='bbox 577 3477 641 3532; x_wconf 86' lang='lat' dir='ltr'><strong>arte</strong></span> <span class='ocrx_word' id='word_1_247' title='bbox 656 3486 742 3532; x_wconf 91' lang='lat' dir='ltr'><strong>suos.</strong></span> 
     </span>
    </p>
   </div>
   <div class='ocr_carea' id='block_1_6' title="bbox 0 0 1164 3960">
    <p class='ocr_par' dir='ltr' id='par_1_7' title="bbox 0 0 1164 3960">
     <span class='ocr_line' id='line_1_39' title="bbox 0 0 1164 3960; baseline 0 0"><span class='ocrx_word' id='word_1_248' title='bbox 0 0 1164 3960; x_wconf 95' lang='lat' dir='ltr'><strong> </strong></span> 
     </span>
    </p>
   </div>
  </div>
 </body>
</html>
