2318 3960
491 219 715 281 TRISTIUM

213 375 250 434 Et
264 374 442 451 deploratae
457 373 547 433 limen
563 373 648 432 adire
663 373 788 434 domus:

176 459 273 532 ldque
286 474 397 518 recens
413 463 553 533 praestas
569 471 626 516 neo
640 459 732 532 longo
748 455 889 532 cognitus
905 472 980 537 usu,

132 553 162 603 ιο
216 542 304 616 Quod
318 547 454 601 veterum
468 541 580 601 misero
595 540 648 600 vix
664 541 725 601 duo
744 548 845 601 tresve
858 540 944 601 milri.

178 626 249 685 Vidi
265 641 323 698 ego
340 625 489 684 confusos
505 625 616 698 vultus,
631 624 781 700 visosque
795 625 909 698 notavi,

219 708 323 783 Osqua
339 709 465 767 madens
481 706 556 769 fletu
570 707 776 783 pallidiusque
790 722 874 768 meo:

176 791 214 852 tn
227 792 368 852 lacrimas
384 807 512 852 cernens
528 792 558 850 in
573 792 693 866 singula
706 791 801 851 verba
815 791 965 853 cadentes

219 873 277 935 Ore
292 891 360 936 meo
376 874 526 949 lacrimas,
543 874 667 936 auribus
682 877 734 935 illa
746 874 824 935 bibi:

130 965 161 1015 15
177 959 369 1034 Braobiaque
385 959 490 1034 accepi
505 966 622 1018 maesto
638 961 801 1034 pendentia
816 960 907 1034 collo,

214 1043 252 1103 tlt
265 1043 436 1118 singultatis
453 1044 559 1102 oscula
573 1042 666 1102 mixta
682 1043 777 1104 sonis.

178 1126 252 1186 Sum
268 1142 402 1201 quoque,
419 1141 498 1199 care,
513 1125 573 1186 tuis
589 1126 735 1186 defensus
750 1126 867 1187 viribus
882 1126 1044 1188 absensr..

217 1209 285 1270 Scis
301 1211 409 1270 carum
426 1209 489 1269 veri
504 1210 636 1270 nominis
651 1226 723 1270 esse
736 1210 837 1271 loco...

175 1293 330 1368 Multaque
348 1300 508 1368 praeterea
521 1293 673 1354 manifesti
689 1294 778 1368 signa
790 1293 906 1354 favoris

128 1385 162 1436 ab
215 1375 392 1437 Pectoribus
408 1383 498 1438 teneo
513 1392 574 1437 non
590 1378 708 1437 abitura
723 1378 809 1436 meis.

176 1460 212 1519 Di
227 1460 279 1519 tibi
294 1476 390 1534 posse
406 1467 484 1531 tuos,
501 1461 641 1530 tribuant
658 1461 825 1520 defendere
839 1475 975 1535 semper,

219 1541 301 1615 Quos
317 1543 347 1601 in
362 1543 489 1602 materia
502 1543 701 1617 prosperiore
715 1544 813 1603 iuves.

177 1625 209 1684 Si
224 1631 324 1685 tamen
339 1625 463 1699 interea,
480 1626 555 1702 quid
569 1626 599 1684 in
614 1625 662 1686 his
679 1642 737 1701 ego
752 1626 891 1702 perditus
906 1626 1004 1686 oris...

218 1708 307 1782 Quod
321 1716 351 1768 te
364 1709 510 1770 credibile
525 1715 573 1769 est
588 1725 767 1784 quaerere...
784 1711 918 1786 quaeris,
934 1724 1040 1785 agnum

127 1799 160 1850 25
177 1791 240 1867 Spe
253 1793 358 1853 trahor
372 1793 515 1867 exigua...
531 1809 621 1867 quarn
636 1800 669 1855 tu
683 1794 755 1852 mihi
770 1794 893 1854 deutera
908 1794 1004 1855 noli...

218 1875 328 1936 Tristia
343 1876 430 1937 leniri
445 1877 569 1936 numina
584 1892 680 1952 posse
694 1877 752 1936 dei.

178 1958 241 2019 Seu
256 1966 369 2020 temere
383 1967 524 2035 expecto,
541 1961 607 2020 sivo
620 1961 652 2020 id
667 1959 843 2034 contingere
857 1961 905 2019 fas
920 1967 979 2034 εει,

216 2043 262 2102 Tu
276 2044 348 2102 mihi
364 2045 448 2119 quod
464 2044 564 2119 cupio,
579 2045 636 2116 fas,
653 2059 772 2118 precor,
788 2056 859 2103 esse
875 2043 985 2118 proba,

178 2125 323 2200 Quaeque
338 2127 391 2185 tibi
406 2128 528 2200 linguae
543 2133 590 2185 εει
604 2126 755 2199 facundia,
771 2125 878 2187 confer
892 2125 924 2186 in
939 2127 1025 2200 illud

125 2216 159 2268 'sn
215 2209 255 2270 Ut
269 2209 383 2269 doceas
399 2216 502 2269 votum
517 2224 614 2284 posse
627 2211 731 2270 valere
743 2225 853 2270 meum.

175 2291 241 2365 Quo
258 2292 399 2368 quisquis
414 2294 519 2365 maior,
534 2293 631 2367 magis
646 2300 694 2352 est
708 2293 867 2368 placabilis
882 2292 955 2368 irae,

216 2375 254 2435 Et
267 2374 374 2435 faciles
389 2382 490 2436 motus
505 2391 591 2435 mens
606 2391 759 2451 generosa
773 2376 862 2452 capit.

174 2459 312 2533 corpora
325 2459 517 2532 magnanimo
533 2460 607 2519 satis
623 2467 671 2521 est
684 2467 860 2535 prostrasse
873 2460 967 2535 leoni,

215 2541 321 2615 Pugna
336 2559 425 2602 suum
441 2543 533 2602 finem
549 2558 618 2603 cum
632 2544 711 2605 iacet
725 2544 833 2616 hostis,
848 2542 956 2604 habeb

125 2633 158 2685 35
173 2628 214 2684 Αι
228 2627 319 2699 lupus
333 2632 363 2685 et
376 2632 482 2701 turpes
497 2626 611 2687 instant
623 2628 822 2688 morientibus
836 2629 901 2688 ursi

213 2707 253 2768 Et
269 2713 482 2785 quaecumque
496 2710 596 2771 minor
610 2711 766 2771 nobilitate
781 2712 855 2771 fera.

173 2792 273 2852 Maius
288 2793 373 2866 apud
386 2794 505 2854 Troiam
520 2794 590 2854 forti
606 2794 680 2868 quid
694 2795 842 2854 habemus
855 2791 998 2854 Achillet

213 2876 356 2934 Dardanii
371 2877 513 2936 lacrimas
528 2894 589 2937 non
605 2877 671 2937 tulit
684 2879 735 2936 ille
752 2878 845 2937 senis.

174 2958 257 3031 Quae
273 2958 360 3020 ducis
375 2960 503 3020 Emathii
518 2961 608 3020 luerit
623 2961 791 3034 clementia,
805 2960 903 3022 Porus

123 3053 158 3106 ιο
211 3041 365 3118 Dareique
380 3044 492 3104 docent
506 3044 622 3105 funeris
637 3045 796 3119 exequiae.

172 3125 256 3185 Neve
270 3126 426 3188 hominum
441 3128 572 3187 referam
587 3127 686 3188 flexas
701 3129 741 3187 ad
755 3128 856 3187 nutius
870 3126 941 3197 iras,

213 3209 339 3271 lunonis
355 3227 451 3286 gener
466 3218 513 3271 est
529 3212 581 3286 qui
596 3212 683 3287 prius
697 3211 796 3271 hostis
812 3216 886 3270 erat.

173 3293 314 3367 Denique
328 3310 389 3354 non
404 3310 535 3369 possum
549 3297 662 3356 nullam
677 3309 805 3370 sperare
819 3295 959 3368 salutern,

216 3374 290 3436 Cum
305 3392 424 3451 poenae
439 3392 501 3436 non
517 3377 556 3436 sit
570 3394 666 3438 causa
681 3386 807 3439 cruenta
821 3391 918 3437 meae.

121 3466 157 3518 ts
173 3457 241 3518 Non
257 3458 337 3530 mihi,
355 3459 512 3533 quaerenti
527 3462 730 3532 pessumdare
744 3466 863 3534 cuncta,
877 3461 1008 3535 petitum
