2318 3960
91 228 161 298 384
478 228 732 290 FASTORUM

183 385 338 448 Servierat
354 383 493 459 quidam,
508 380 697 457 quantolibet
714 381 821 442 ordine
835 380 956 454 dignus,

119 480 171 536 tto
226 469 346 530 Tibure.
375 466 434 527 sed
448 467 542 541 longo
556 472 696 540 ternpore
710 464 786 523 liber
801 471 874 524 erat.

181 554 264 615 Rure
279 552 377 627 dapes
393 557 481 626 parat
494 551 545 609 ille
559 565 633 622 suo,
649 548 829 622 turbamque
845 562 990 608 canoram

225 638 389 697 Convocat.
419 635 459 694 ad
475 635 571 695 restas
585 632 729 692 convenit
743 633 794 692 illa
809 633 918 708 dapes.

181 721 250 782 Nox
268 726 347 794 erat,
368 725 399 779 et
420 718 499 778 vinis
515 717 657 792 oculique
672 715 826 791 animique
840 715 994 791 natabant,

225 803 298 865 Cum
313 800 562 879 praecomposito
577 801 699 861 nuntius
714 815 768 860 ore
782 800 873 872 venit,

117 893 169 949 tlt
182 891 286 961 Atque
305 888 360 959 ita,
384 885 490 960 “Quid
505 899 613 946 cessas
629 884 772 944 convivia
786 885 955 945 solveret”
971 885 1064 945 dixit:

224 973 368 1032 “Auctor
381 969 536 1030 vindictae
550 969 612 1029 ianr
626 969 711 1028 venit
725 983 799 1029 ecce
812 971 921 1029 tuae.”

181 1055 243 1115 Nec
257 1070 358 1128 mora,
375 1053 524 1116 convivae
539 1053 641 1114 valido
657 1053 815 1114 titubantia
830 1052 900 1112 vino

223 1138 360 1197 Membra
374 1144 508 1198 movent.
538 1137 622 1196 dubii
638 1143 782 1212 stantque
797 1136 963 1212 labantque
976 1136 1076 1212 pedes

181 1225 223 1282 At
237 1222 378 1282 dominus
394 1221 617 1282 “Disceditet”
632 1222 683 1296 ait,
699 1222 901 1298 plaustroque
915 1226 1071 1281 morantes

117 1317 170 1373 ⁶80
227 1305 363 1366 Sustulit.
392 1307 421 1365 in
439 1308 577 1381 plaustro
593 1305 716 1381 scirpea
728 1307 790 1366 lata
806 1305 871 1366 luit

180 1389 326 1452 Alliciunt
340 1404 468 1451 somnos
482 1397 619 1465 tempus,
635 1397 815 1464 motusque,
830 1404 1019 1464 merumque,

222 1473 360 1550 Potaque
375 1490 411 1535 se
424 1473 516 1534 Tibur
529 1474 619 1534 turba
631 1475 733 1535 redire
747 1482 842 1549 putat.

183 1559 307 1632 Iamque
321 1573 376 1633 per
389 1558 544 1632 Esquilias
559 1559 728 1619 Romanam
743 1558 908 1619 intraverat
921 1556 1036 1626 urbem,

224 1643 262 1702 Et
275 1657 365 1702 mane
379 1643 410 1700 in
424 1643 526 1701 medio
542 1643 678 1717 plaustra
693 1643 779 1702 luere
794 1644 873 1704 toro.

118 1733 169 1790 685
183 1726 335 1800 Plautius,
356 1732 389 1786 ut
406 1733 517 1801 posset
530 1727 636 1801 specie
651 1741 841 1800 numeroque
857 1733 996 1787 senatum

223 1809 356 1885 Fallere,
373 1809 515 1886 personis
532 1810 662 1884 imperat
676 1826 731 1870 ora
746 1810 817 1885 tegi,

182 1895 401 1969 admiscetque
416 1894 509 1968 alioS,
526 1902 570 1968 et,
589 1901 620 1955 nt
633 1894 714 1955 hunc
729 1894 854 1954 tibicina
868 1899 986 1956 coetum

224 1981 358 2053 Augeat,
373 1978 403 2037 in
419 1979 519 2054 longis
535 1978 674 2039 vestibus
689 1995 761 2039 esse
776 1977 874 2039 iubet:

183 2062 234 2123 Sic
247 2063 380 2124 reduces
394 2063 473 2123 bene
488 2077 585 2138 posse
599 2063 674 2138 tegi,
691 2079 730 2123 ne
744 2064 821 2124 iortc
836 2068 979 2125 notentur

118 2159 170 2216 690
228 2145 339 2207 Contra
359 2147 496 2223 collegae
510 2147 598 2208 iussa
612 2147 734 2208 redisse
750 2146 808 2207 sui.

182 2233 245 2292 Res
262 2232 384 2306 placuit.
412 2232 558 2306 cultuque
572 2247 653 2292 novo
669 2230 743 2291 libet
755 2230 861 2291 Idibus
880 2230 932 2304 uti,

223 2314 262 2373 Et
275 2330 387 2375 canere
403 2315 443 2373 ad
460 2322 581 2375 veteres
597 2314 691 2374 verba
704 2316 814 2376 iocosa
827 2314 961 2376 modos!

181 2398 266 2458 Haec
280 2397 332 2457 ubi
346 2397 522 2473 perdocuit,
539 2397 701 2473 <Superest
713 2398 786 2458 milri
802 2398 937 2460 discere’
953 2395 1016 2457 dixi

225 2480 297 2542 ‘Cur
311 2481 351 2541 sit
365 2481 570 2557 Quinquatrus
585 2483 636 2542 illa
650 2489 761 2542 vocata
775 2482 865 2542 dies?

116 2572 167 2629 695
182 2565 333 2626 ‘Martius’
348 2565 447 2642 inquit
460 2567 536 2642 ‘agit
546 2567 599 2627 tali
614 2581 682 2627 rnea
696 2566 818 2626 nornine
833 2567 920 2639 testa,

222 2650 340 2724 Estque
355 2649 413 2710 sub
428 2651 560 2712 inventis
574 2651 652 2711 haec
668 2667 793 2727 quoque
806 2649 895 2709 turba
908 2648 995 2709 meis.

181 2733 281 2794 Prima
295 2733 447 2794 terebrato
462 2750 517 2810 per
531 2751 602 2794 rara
618 2735 767 2799 foramina
780 2734 874 2807 buxo,

223 2819 263 2879 Ut
279 2818 379 2893 daret,
395 2819 498 2891 effeci,
515 2819 588 2879 tibia
603 2821 695 2894 longa
709 2834 816 2880 sonos.

182 2903 254 2962 Vox
268 2902 390 2976 placuit.
421 2904 531 2963 taciem
545 2904 669 2977 liquidis
685 2903 886 2963 referentibus
900 2899 993 2962 undis

118 2998 169 3054 700
224 2985 298 3045 Vidi
313 2986 465 3062 virgineas
481 2987 661 3048 intumuisse
676 3003 782 3062 genas.

184 3071 270 3131 “Ars
285 3070 358 3130 mihi
374 3087 435 3130 non
449 3072 523 3132 tanti
541 3078 599 3133 est.
628 3072 750 3145 valeas,
765 3084 834 3130 mea
847 3069 961 3130 tibia!”
978 3067 1052 3129 dixi.

225 3154 347 3230 Excipit
361 3154 511 3216 abiectam
526 3156 663 3232 caespite
677 3155 745 3230 ripa
763 3169 831 3214 suo.

184 3237 340 3299 Inventam
355 3239 485 3318 Satyrus
503 3241 632 3316 primurn
647 3240 785 3313 miratur,
801 3243 831 3297 et
844 3252 935 3297 usum

224 3322 344 3399 Nescit,
359 3330 389 3383 et
403 3323 538 3385 inflatam
553 3325 651 3386 sensit
664 3322 779 3384 habere
795 3336 920 3382 sonum=

119 3413 169 3469 705
183 3405 221 3467 Et
234 3405 327 3467 modo
342 3407 463 3470 dimittit
478 3409 590 3485 digitis,
605 3409 698 3469 rnodo
714 3405 849 3481 concipit
863 3419 970 3464 aurosa

225 3488 352 3564 lamque
367 3491 444 3552 inter
457 3493 612 3570 nymphas
629 3499 693 3553 arte
711 3489 865 3564 superbus
880 3495 956 3550 erat.
