2318 3960
88 222 152 287 330
461 218 715 282 FASTORUM

173 374 344 451 Appulerat
359 373 446 448 ripae
462 387 574 432 vaccas
591 371 723 435 Oetaeus
739 375 885 435 Hiberasz

108 469 160 522 aaa
215 458 325 532 Audit,
345 463 376 517 et
389 456 430 515 ad
446 471 554 517 vocem
568 458 706 519 concitus
723 463 809 533 urget
821 459 888 518 iter.

170 541 310 602 Herculis
326 540 476 614 adventu,
491 554 571 615 quac
584 540 647 598 vim
660 542 754 603 modo
769 543 849 602 lerre
863 541 1023 616 parabant,

209 627 323 702 Turpia
339 625 488 684 femineae
503 633 589 699 terga
604 623 719 685 dedere
733 627 834 701 lagae.

171 711 261 786 ‘Quid
272 709 352 785 petis
364 707 489 782 hinc‚’...
502 716 651 782 cognorat
661 709 773 770 enim...
784 714 960 770 ‘matertera
969 708 1108 772 Bacchi!

210 795 259 853 An
278 808 389 853 numen
406 791 490 867 quod
505 806 569 866 me,
588 798 620 851 tc
635 809 760 869 quoque
773 798 900 854 vexatt’
915 794 966 854 ait.

107 886 157 938 ⁵25
173 879 229 939 llla
243 878 334 936 docet
347 877 471 953 partim,
493 876 603 950 partim
619 879 794 953 praesentia
807 878 869 937 nati

214 961 368 1034 Continet,
384 967 414 1020 et
428 958 515 1020 iuriis
534 959 565 1019 in
582 961 686 1022 scelus
701 962 766 1022 isse
781 963 886 1038 pudet.

170 1048 300 1118 Rumor,
321 1051 355 1105 ut
369 1050 417 1105 est
430 1045 538 1115 velox,
557 1044 677 1118 agitatis
692 1047 835 1122 pervolat
849 1045 917 1119 alis,

208 1130 326 1204 Estque
342 1129 503 1203 frequens,
518 1127 589 1202 lno,
607 1144 719 1190 nomen
735 1130 766 1189 in
783 1144 837 1190 ore
850 1135 945 1191 tuum.

169 1214 300 1289 Hospita
314 1212 481 1272 Carmentis
497 1211 579 1272 fidos
593 1213 726 1275 intrasse
740 1221 869 1289 penates

105 1309 157 1365 551)
212 1299 347 1372 Diceris,
362 1303 394 1356 et
406 1296 530 1371 longam
545 1297 732 1372 deposuisse
747 1300 869 1359 famem.

169 1382 244 1442 Liba
259 1397 315 1442 sua
329 1387 495 1456 properata
509 1395 602 1440 manu
619 1383 760 1458 Tegeaca
773 1381 923 1442 sacerdos

208 1467 349 1526 Traditur
367 1464 399 1523 in
418 1463 519 1525 subito
535 1472 624 1526 cocta
643 1466 769 1526 dedisse
784 1467 865 1526 ioco.

168 1550 254 1612 Nunc
270 1564 393 1624 qnoque
406 1548 469 1608 liba
484 1549 588 1609 iuvant
603 1550 689 1611 lestis
702 1550 880 1612 Matralibus
894 1549 993 1611 illama

209 1634 336 1695 Rustica
351 1632 499 1692 sedulitas
514 1632 630 1708 gratior
642 1641 707 1694 arte
721 1633 785 1695 mit.

103 1725 154 1780 535
169 1718 294 1790 ‘Nune’
310 1716 352 1775 ail
365 1719 397 1775 ‘o
412 1723 515 1790 vales,
532 1717 684 1777 venientia
698 1719 760 1778 iata
772 1718 906 1793 resigna,

209 1802 275 1877 Qua
289 1801 368 1860 licet.
397 1799 541 1875 hospitiis
559 1801 634 1874 hoc,
651 1817 775 1877 precor,
793 1802 875 1862 adde
888 1801 990 1862 meis!

167 1885 266 1946 Parva
284 1901 371 1945 mora
386 1892 448 1957 est,
464 1885 583 1944 caelum
600 1892 689 1947 vates
704 1903 742 1947 ac
756 1887 881 1947 numina
898 1886 998 1961 sumit,

210 1970 320 2044 Fitque
335 1971 383 2030 sui
398 1975 462 2030 toto
479 1975 603 2043 pectore
617 1970 709 2046 plena
724 1970 783 2031 dei.

168 2054 229 2113 Vix
244 2053 325 2112 illam
340 2052 441 2113 subito
457 2069 571 2128 posses
586 2069 791 2129 cognoscere,
805 2059 889 2114 tanto

103 2152 156 2206 sm
211 2137 353 2198 Sanctior
372 2145 403 2198 et
416 2143 516 2211 tanto,
533 2153 624 2212 quam
638 2138 748 2210 modo,
764 2137 863 2197 maior
877 2144 951 2199 erat.

168 2222 275 2282 ‘Laeta
289 2237 408 2282 canam.
436 2222 552 2297 gaude,
573 2221 717 2282 defuncta
731 2220 888 2283 laboribus
903 2220 985 2281 lnot’

208 2306 291 2365 Dixit
306 2310 347 2363 ‘et
361 2305 433 2365 huic
448 2306 563 2381 populo
581 2320 733 2380 prospera
746 2320 871 2382 semper
884 2305 976 2366 adest

168 2390 283 2449 Numen
298 2387 396 2448 habes
413 2389 524 2463 pelagi.
554 2397 656 2449 natum
678 2405 803 2465 quoque
820 2397 933 2465 pontus
947 2386 1080 2449 babebit.

208 2475 241 2532 ln
257 2472 369 2532 vestris
385 2473 466 2532 aliud
482 2472 592 2533 sumite
606 2488 718 2534 nornen
738 2474 838 2549 aquis.

101 2563 152 2618 545
167 2557 343 2617 Leucothea
357 2555 460 2629 Grais,
480 2556 597 2619 Matuta
610 2556 764 2618 vocabere
779 2558 910 2618 nostrisa
945 2604 947 2608 .
1048 2628 1054 2635 ,

207 2641 240 2700 ln
256 2648 364 2716 portus
379 2649 450 2701 nato
465 2640 514 2702 ius
530 2641 588 2702 erit
607 2656 698 2702 omne
711 2649 774 2702 tuo.

167 2724 262 2799 Quem
276 2742 334 2785 nos
349 2723 531 2799 Portunum,
547 2741 605 2786 sua
618 2725 723 2800 lingua
736 2724 921 2786 Palaemona
936 2723 1027 2785 dicei.

204 2809 264 2882 lte,
281 2823 407 2884 precor,
423 2809 537 2869 nostris
551 2824 671 2885 aequus
685 2815 813 2884 uterque
830 2809 936 2869 loclst’

166 2896 335 2952 Annuerat.
367 2894 521 2967 promissa
536 2893 625 2952 fides.
657 2909 790 2968 posuere
805 2892 947 2954 laboress

102 2991 154 3046 550
207 2976 338 3036 Nomina
350 2984 512 3038 mutarunt.
542 2977 592 3037 bic
606 2977 701 3052 deus,
720 2977 772 3036 illa
791 2977 850 3037 dea
865 2986 922 3037 est.

167 3061 226 3121 Cur
240 3067 322 3121 vetet
335 3061 461 3121 ancillas
476 3062 640 3135 accedere,
656 3061 824 3135 quaentist
852 3060 936 3122 odite

206 3143 454 3220 Principiumque
470 3145 548 3218 odii,
565 3145 591 3204 si
605 3145 687 3205 sinat
700 3145 765 3220 illa,
781 3158 899 3206 canam.

165 3229 233 3290 Una
248 3229 454 3290 ministrarum
471 3229 560 3289 solita
574 3236 637 3305 est,
654 3229 794 3301 Cadmei,
810 3235 929 3290 tuarum

207 3311 309 3387 Saepe
328 3312 387 3374 sub
402 3313 563 3388 amplexus
578 3314 719 3387 coniugis
734 3313 779 3373 ire
793 3313 847 3375 tui.

100 3405 151 3459 555
165 3394 329 3471 Improbns
343 3396 424 3457 hanc
436 3397 585 3458 Athamas
600 3397 703 3458 furtim
718 3397 834 3457 dilexit,
864 3394 903 3454 ab
918 3394 971 3458 illa

211 3479 365 3555 Comperit
384 3481 528 3555 agricolis
548 3481 665 3542 semina
680 3487 762 3542 tosta
776 3478 852 3540 dari.
