2318 3960
99 250 162 316 Μ
481 244 736 307 alerenen

117 413 169 467 000
183 404 262 464 llsse
277 400 330 462 diu
346 400 455 461 0001000
469 400 586 461 Vestae
600 399 764 459 simulacra
778 395 899 474 putaris

226 486 301 546 Mox
315 484 408 544 didici
424 498 517 544 curvo
533 484 617 543 nulla
632 481 765 543 subesse
778 480 875 542 tholo.

184 571 268 647 Ignis
285 568 469 629 inextinctus
484 569 597 643 templo
614 567 730 628 celatur
742 566 774 625 in
789 566 852 631 illo.

227 654 368 728 Effigiem
383 653 497 712 nullam
512 653 609 711 Vesta
623 666 680 711 nec
694 650 774 726 ignis
788 647 891 709 habet.

187 739 255 801 Stat
269 738 299 798 vi
313 746 394 797 terra
408 752 474 796 sua.
503 736 534 795 vi
549 735 660 796 stando
675 736 773 796 Vesta
787 741 932 795 vocatur:

119 833 171 887 000
228 823 391 897 Causaque
407 836 463 896 par
479 820 548 880 Grai
563 819 694 880 nominis
711 833 783 879 esse
797 824 911 894 potest.

185 910 226 967 At
242 908 332 967 locus
347 921 366 964 a
379 903 512 964 flammis
530 911 560 964 et
576 905 659 980 quod
675 904 759 964 fovet
773 903 885 978 omnia,
900 901 1017 964 (11000οε

228 990 284 1065 Qui
299 997 398 1049 tamen
414 989 445 1048 in
459 988 566 1064 primis
581 987 710 1048 aedibus
726 987 875 1048 00001010.

185 1075 263 1135 Hinc
279 1090 404 1151 quoque
418 1073 604 1134 vestibulum
619 1072 679 1132 dici
693 1089 774 1133 reor.
803 1071 876 1131 inde
890 1071 1049 1146 precando

228 1158 404 1219 praefamur
421 1158 565 1228 Vestam,
589 1172 669 1232 quae
683 1159 753 1217 loca
769 1156 867 1232 prima
882 1162 975 1217 tenet.

120 1252 173 1307 000
186 1244 266 1303 Ante
283 1244 371 1304 locos
388 1242 460 1303 olirn
475 1241 609 1302 scamnis
625 1240 788 1302 considere
803 1241 904 1316 longis

226 1328 296 1388 illos
312 1333 391 1400 erat,
407 1333 438 1385 et
451 1341 578 1386 mensae
593 1327 720 1386 eredere
734 1325 849 1386 adesse
863 1325 952 1384 deos.

186 1412 272 1472 Nunc
288 1426 414 1487 quoque
432 1425 500 1469 cum
514 1410 592 1470 fiunt
606 1410 750 1485 antiquae
765 1424 857 1471 sacra
869 1409 1029 1486 Vacunae,

226 1496 307 1557 Ante
319 1495 493 1555 Vacunales
508 1502 651 1570 stantque
666 1494 836 1569 sedentque
855 1492 955 1554 locos.

187 1581 278 1640 Venit
291 1579 321 1639 in
336 1579 395 1641 hos
410 1595 509 1640 annos
524 1579 640 1653 aliquid
655 1579 694 1638 de
711 1594 797 1639 more
812 1584 949 1639 vetusto:

123 1671 175 1726 010
231 1663 303 1724 Fert
316 1665 431 1723 missos
445 1665 561 1724 Vestae
576 1679 655 1738 pura
671 1664 784 1738 patella
800 1662 897 1723 cibos.

189 1747 270 1808 Ecce
286 1747 442 1808 coronatis
457 1747 547 1822 panis
564 1747 718 1822 dependet
733 1738 853 1819 asellis,'

230 1833 268 1892 Et
281 1833 385 1892 velant
399 1830 527 1892 scabras
542 1829 654 1891 florida
671 1839 756 1892 serta
769 1831 878 1892 molas.

191 1916 265 1977 Sola
280 1917 364 1992 prius
379 1916 476 1977 furnis
493 1917 649 1976 torrebant
663 1917 744 1976 larra
758 1915 870 1991 coloni,
971 1970 983 1981 ,

231 2002 269 2060 Et
282 2001 443 2062 Fornacali
458 2006 529 2061 sunt
543 2015 600 2060 sua
615 2016 704 2061 sacra
719 2001 806 2060 deae.

124 2092 175 2147 315
191 2085 391 2160 Suppositum
405 2084 499 2144 cineri
513 2100 625 2160 panem
641 2086 729 2144 locus
744 2085 813 2160 ipse
827 2083 966 2160 parabat,

233 2169 395 2243 Strataque
409 2175 475 2228 erat
487 2169 592 2245 tepido
607 2170 710 2244 tegula
726 2183 843 2245 quassa
857 2169 936 2227 solo.

137 2289 143 2304 .
191 2254 266 2313 lndc
281 2254 385 2313 locum
399 2259 503 2312 servat
519 2253 630 2328 pistor,
647 2253 865 2327 dominamque
880 2252 1021 2313 locorum

232 2338 270 2396 Et
285 2352 364 2412 quae
379 2336 537 2413 pumiceas
551 2342 657 2397 versat
672 2339 768 2397 asella
782 2337 891 2396 molas.

122 2454 124 2459 -
190 2421 396 2493 Praeteream,
416 2420 588 2480 referamne
605 2427 704 2496 tuum,
719 2419 891 2482 rubicunde
903 2419 1024 2496 Priape,

125 2515 178 2568 320
233 2504 398 2565 Dedecusr
419 2510 467 2564 est
480 2504 565 2564 multi
581 2504 683 2564 fabula
699 2521 794 2580 parva
808 2505 879 2565 ioci.

191 2589 352 2664 Turrigero
366 2587 498 2648 frontem
514 2587 628 2666 Cybele
642 2589 783 2649 redimita
797 2605 913 2650 corona
932 2583 940 2594 '

235 2673 392 2732 Convocat
406 2679 548 2733 aeternos
564 2674 604 2733 ad
621 2689 679 2733 sua
693 2675 772 2734 lesta
787 2673 875 2733 deos.

194 2759 349 2818 convocat
363 2764 394 2816 00
408 2763 531 2834 satyros
547 2764 592 2833 et,
614 2757 730 2817 rustica
744 2758 882 2832 numina,
898 2753 1071 2834 nymphas·

235 2841 372 2914 Silenos,
397 2842 537 2915 quamvis
552 2858 642 2902 nemo
658 2849 797 2918 vocarat,
814 2841 912 2901 adest.

124 2935 177 2989 000
192 2925 254 2985 Νο0
268 2926 353 2998 11000,
377 2932 407 2986 00
422 2925 547 3000 longum
564 2933 612 2986 est
625 2928 733 3001 epulas
749 2939 874 2986 narrare
888 2924 1033 2984 deorum.

234 3011 266 3070 ln
282 3011 375 3070 multo
392 3026 454 3069 nox
469 3016 518 3069 cst
533 3010 713 3085 pervigilata
728 3026 824 3070 nrero.

191 3094 229 3154 Hi
243 3101 357 3156 temere
373 3093 515 3154 errabant
529 3094 558 3154 in
573 3109 693 3169 opacae
706 3094 837 3154 vallibus
852 3092 942 3152 ldaee
1075 3168 1078 3174 Ι

233 3179 308 3239 Pars
323 3179 403 3238 iacet
417 3184 448 3237 et
461 3178 545 3237 molli
559 3179 695 3254 gramine
709 3176 845 3238 membra
861 3177 958 3235 levate
984 3206 987 3211 ·

191 3263 229 3322 lli
243 3264 359 3323 ludunt.
388 3261 445 3322 hos
461 3278 588 3322 somnus
602 3261 703 3322 habet.
732 3278 804 3337 pars
818 3258 965 3320 bracchia
978 3257 1080 3335 nectit,

126 3356 178 3410 030
235 3347 273 3407 Et
288 3347 417 3407 viridem
431 3346 523 3407 celeri
537 3352 584 3407 ter
598 3346 679 3422 pede
697 3347 801 3421 pulsat
813 3345 948 3405 humum.

193 3431 291 3492 Vesta
305 3432 399 3506 iacet,
421 3431 637 3508 placidamque
655 3429 739 3506 capit
753 3445 864 3490 secura
880 3427 1023 3505 quictem,

236 3515 321 3576 Sicut
336 3522 415 3591 erat,
435 3515 571 3591 positum
587 3513 704 3591 cespite
718 3514 793 3574 tulta
806 3519 910 3590 caput
