2318 3960
98 226 164 300 222
484 226 736 289 rnsroauu

221 380 392 441 Credebant
413 379 509 441 nostri
523 380 629 440 tollere
644 396 738 455 posse
753 397 855 441 senes.

184 466 312 526 Graecia
325 464 507 540 principium
521 463 615 524 moris
631 464 695 524 luit.
730 465 781 524 iha
796 465 934 528 nocentis

222 548 318 624 Impia
332 550 475 609 lustratos
491 563 606 622 ponere
621 547 701 608 lacta
715 555 809 623 putat.

181 633 347 693 Actoriden
362 633 486 706 Peleus,
503 631 604 706 ipsum
622 647 745 706 quoque
758 633 848 693 Pelea
861 634 955 694 Phoci
1009 703 1011 706 y

130 728 165 778 oo
222 717 322 776 Caede
340 732 394 791 per
407 715 592 776 Haemonias
609 717 701 775 solvit
713 718 847 777 Acastus
862 735 971 794 aquas.

181 802 310 860 vectam
325 799 450 860 frenatis
465 799 625 875 perinane
645 799 831 861 draconibus
845 803 971 877 Aegeus

223 884 371 944 Credulus
387 884 525 943 inmerito
538 883 672 943 Phasida
685 883 762 944 iuvit
779 900 849 960 ope.

179 967 436 1042 Amphiareiades
451 968 630 1042 Naupactoo
643 967 783 1028 Acheloo

221 1050 327 1112 ‘Solve
341 1052 441 1111 nelas’
457 1052 542 1111 dixit.
578 1051 671 1111 solvit
684 1058 715 1111 et
734 1052 786 1112 ille
801 1054 854 1112 nel
890 1097 897 1111 .

128 1145 162 1196 45
176 1137 218 1194 A!
242 1135 365 1195 nimium
380 1135 502 1209 faciles,
516 1135 568 1210 qui
582 1133 679 1195 tristia
693 1135 819 1196 crimina
834 1138 939 1198 caedis

219 1218 375 1279 Flumineo
391 1220 455 1279 tolli
471 1234 567 1295 posse
582 1219 696 1294 putetis
710 1229 807 1295 aqua!

179 1302 242 1363 Sed
256 1311 389 1364 tamen...
410 1304 526 1378 antiqui
541 1318 580 1362 ne
595 1303 718 1364 nescius
734 1304 850 1364 ordinis
872 1322 989 1366 erres...

216 1386 347 1460 Primus,
372 1395 403 1448 ut
417 1396 481 1462 est,
504 1387 568 1448 lani
581 1388 696 1447 mensis
712 1395 742 1448 61
755 1395 825 1448 ente
841 1389 905 1449 luit.

179 1470 234 1544 Qui
251 1470 391 1545 sequitur
404 1473 526 1544 Ianum,
544 1471 655 1532 veteris
671 1473 725 1531 1111
742 1472 865 1534 ultimus
880 1474 967 1534 anni:

129 1564 164 1616 50
190 1603 197 1623 „
220 1555 263 1614 Tu
279 1571 406 1631 quoque
421 1571 596 1631 sacrorum,
617 1557 771 1631 Termine,
786 1556 857 1618 finis
873 1573 952 1619 eras.

177 1638 294 1699 Primus
310 1637 390 1698 enim
404 1639 468 1699 lani
483 1637 613 1713 mensis,
636 1640 708 1715 quia
722 1641 813 1701 ianua
827 1641 925 1716 prima
939 1651 996 1703 est.

220 1721 275 1796 Qui
290 1738 380 1781 sacer
395 1729 443 1782 est
457 1723 525 1784 imis
540 1724 696 1796 manibuS,
718 1725 796 1785 imus
812 1732 886 1784 erat.

176 1805 343 1868 Postmodo
359 1807 524 1868 creduntur
536 1807 637 1883 spatio
654 1808 799 1868 distantia
815 1809 908 1883 longo

218 1890 369 1965 Tempora
382 1889 430 1950 bis
447 1891 531 1967 quini
546 1891 744 1952 continuasse
759 1891 825 1951 viri.

348 2075 353 2086 ’
437 2075 466 2136 l.
498 2075 746 2134 H·K·FEB·N

126 2235 159 2289 15
172 2226 323 2303 Principio
339 2228 455 2288 mensis
468 2227 620 2302 Phrygiae
635 2227 823 2288 contermina
836 2228 925 2288 Matri

218 2309 345 2386 Sospita
360 2311 496 2372 delubris
513 2311 623 2373 dieitur
636 2318 727 2371 aucta
745 2311 845 2372 novis.

175 2395 273 2454 ‘Nunc
288 2394 339 2455 ubi
354 2402 439 2467 sunt,
455 2394 515 2455 illis
531 2410 612 2470 quae
626 2402 698 2455 sunt
711 2402 833 2456 sacrata
847 2396 996 2457 Kalendis

215 2479 342 2553 Templa
357 2479 473 2539 deaet’
495 2479 588 2555 longa
603 2479 795 2554 procubuere
810 2479 870 2540 die.

175 2561 283 2621 Cetera
297 2578 336 2622 ne
351 2562 441 2623 sirnili
457 2564 602 2623 caderent
616 2563 768 2624 labefacta
781 2563 880 2640 ruina,

124 2654 159 2709 60
214 2645 300 2706 Cavit
313 2647 425 2707 sacrati
440 2647 571 2723 provida
587 2663 660 2707 cura
675 2647 772 2720 ducis,

174 2729 239 2790 Sub
259 2747 321 2804 quo
338 2731 474 2791 delubris
489 2730 617 2802 sentitur
636 2733 720 2792 nulla
733 2739 892 2792 senectus:

214 2813 277 2873 Nec
292 2814 367 2874 satis
383 2823 432 2875 est
444 2815 602 2888 homines,
626 2815 741 2890 obligat
757 2816 808 2875 ille
827 2815 916 2877 deos.

1 2914 4 2924 ·
103 2972 104 2975 Ἴ
172 2898 364 2974 Templorum
379 2900 514 2974 positor,
537 2900 718 2974 templorum
732 2908 838 2961 sancte
852 2907 1005 2975 repostor‚

212 2982 259 3042 Sit
271 2983 409 3059 superis,
432 2989 522 3059 opto,
544 2992 647 3044 mutua
664 2999 738 3044 cura
751 2983 803 3042 tui.

123 3073 157 3128 65
171 3068 250 3127 Dent
263 3066 317 3127 tibi
333 3067 500 3139 caelestes,
520 3084 599 3142 quos
615 3074 646 3127 tu
662 3067 862 3142 caelestibus,
877 3083 986 3144 annos,

213 3151 335 3226 Proque
350 3158 401 3212 tua
414 3158 558 3212 maneant
566 3151 602 3210 in
618 3152 749 3211 stallone
763 3151 867 3213 domo.
895 3209 898 3214 ,

173 3234 257 3294 Tunc
273 3251 398 3310 quoque
416 3234 509 3295 vicini
523 3235 611 3296 lucus
627 3235 799 3296 celebratur
812 3235 937 3294 Helerni

216 3317 282 3391 Qua
296 3319 371 3393 petit
385 3334 561 3394 aequoreas
575 3318 697 3379 advena
716 3317 848 3399 Thybris
864 3333 974 3395 aquas.
990 3353 994 3360 -

172 3400 224 3460 Ad
239 3403 395 3476 penetrale
409 3403 540 3478 Numae,
556 3401 820 3479 Capitolinumque
832 3404 1010 3476 Tonantem,

122 3490 156 3546 to
213 3485 310 3561 loque
324 3486 407 3546 iovis
427 3502 545 3547 summa
560 3487 697 3549 caeditur
711 3502 781 3547 arce
795 3486 924 3547 bidens..
