2318 3960
431 219 473 294 u,
494 215 671 280 cor—roc.

128 369 249 446 Ecquid
263 369 294 429 iu
310 368 412 430 officio
427 376 513 430 torus
530 378 576 430 est
594 373 740 433 socialis?
759 382 789 434 et
804 376 915 449 ecquid

54 465 112 524 730
170 453 355 530 Coniugibus
370 453 484 514 nostris
499 462 602 514 mutua
617 472 689 516 cura
704 462 848 519 sumusl’

130 540 266 614 Quisque
284 553 372 597 suam
387 538 501 598 laudat
531 539 640 600 studiis
656 542 820 602 certamina
836 552 984 618 crescunt,

170 624 207 682 Et
222 623 341 682 servent
354 621 448 683 multo
464 622 628 698 linguaque
644 639 758 700 corque
773 641 868 687 mero.

130 706 233 781 Surgit
249 705 297 765 eui
313 705 441 766 dederat
454 706 569 767 olorum
584 706 711 768 Collatia
729 726 853 770 nomem

174 790 251 850 ‘Non
267 805 346 864 opus
363 796 412 849 ost
425 788 543 865 verbis,
565 792 679 851 credite
693 792 820 853 rebust’
844 796 894 854 ait.

53 887 112 944 736
130 875 211 935 ‘Nox
225 879 376 949 superest.
406 874 547 933 tollamur
565 875 663 949 equiS,
683 876 859 952 Urbemque
873 883 1046 954 petamust’
1151 894 1154 896 ’

172 958 259 1018 Dicta
273 957 411 1033 placent,
433 958 528 1017 irenis
544 959 740 1032 inpediuntur
754 964 834 1036 equi.

130 1041 317 1102 Pertulerant
333 1041 485 1101 dominos.
515 1042 630 1116 regalia
644 1043 784 1117 protinus
802 1045 844 1103 illi

165 1127 257 1185 Tecta
271 1131 387 1199 petunt.
418 1132 523 1185 custos
539 1127 569 1184 in
585 1126 651 1186 iore
666 1127 765 1187 nullus
781 1136 854 1187 erat.

128 1210 211 1268 Ecce
225 1225 333 1268 nurum
346 1210 428 1283 regis
444 1209 521 1270 lusis
538 1225 594 1284 per
609 1211 688 1270 oolla
704 1212 826 1272 coronis

54 1305 112 1364 740
168 1292 330 1353 inveniunt
345 1294 447 1368 posito
463 1293 647 1368 pervigilare
662 1309 756 1354 mero.

129 1378 204 1437 Inde
220 1377 279 1436 cito
295 1393 392 1453 passu
408 1378 518 1453 petitur
531 1379 678 1438 Lucretia.
708 1380 807 1451 nebat,

169 1463 250 1521 Ante
263 1468 363 1521 torum
379 1461 489 1521 calathi
504 1462 636 1537 lanaque
652 1463 753 1522 mollis
769 1469 843 1523 erat.

128 1547 245 1606 Lumen
261 1546 301 1605 ad
315 1545 459 1620 exiguum
473 1546 604 1606 famulae
619 1547 690 1606 data
706 1563 804 1621 pensa
818 1545 992 1606 trahebant:

169 1631 251 1688 Inter
269 1645 346 1703 quas
366 1628 448 1690 tenui
462 1629 508 1690 sic
522 1630 564 1690 ait
577 1631 646 1705 ipsa
660 1647 753 1692 sono:
891 1637 892 1640 ’

56 1722 113 1776 '⁷45
129 1713 288 1772 ‘Mittenda
299 1719 346 1772 est
357 1713 513 1773 domino...
525 1730 704 1791 nuno,nuno
716 1720 889 1790 properate,
901 1714 1060 1789 puellaetw,

174 1796 401 1871 Quamprimum
416 1804 522 1857 nostra
535 1799 616 1857 iacta
630 1799 754 1858 lacerna
768 1815 868 1859 manu.

132 1880 210 1954 Quid
223 1886 324 1939 tamen
340 1879 474 1940 auditis?
494 1897 565 1940 nam
580 1881 667 1955 plura
681 1881 789 1941 audire
804 1882 947 1957 potestis·

171 1964 321 2037 Quantum
336 1963 470 2023 debello
486 1964 596 2024 dicitur
612 1979 683 2024 esse
698 1972 813 2040 super?

131 2047 297 2107 Postmodo
314 2049 394 2107 victa
410 2047 513 2106 cades.
543 2047 735 2122 melioribus,
756 2048 876 2121 Ardea,
896 2055 1005 2111 restas

56 2141 114 2197 750
170 2131 319 2206 Inproba,
344 2147 424 2206 quae
439 2137 563 2192 nostros
578 2131 663 2206 cogis
678 2130 790 2192 abesse
805 2131 903 2192 virosi

133 2215 199 2276 Sint
212 2221 327 2275 tantum
341 2215 486 2275 reduces!
511 2214 573 2275 Sed
588 2215 668 2274 enim
682 2215 862 2275 temerarius
877 2214 927 2274 ille

171 2299 227 2358 Est
240 2314 342 2372 meus,
365 2305 395 2358 et
414 2298 518 2358 stricto
534 2298 671 2374 quolibet
685 2314 760 2360 ense
775 2298 843 2359 ruit.

131 2382 218 2442 Mens
233 2382 310 2456 obit,
333 2389 362 2441 et
376 2382 497 2455 morior,
522 2383 662 2456 quotiens
677 2382 839 2458 pugnantis
855 2383 954 2456 imago

171 2465 221 2525 Me
236 2465 332 2536 subit,
355 2473 385 2525 et
398 2465 531 2539 gelidum
547 2474 671 2541 pectora
687 2466 780 2541 lrigus
795 2465 909 2525 habet?

58 2561 115 2617 755
131 2549 249 2610 Desinit
263 2548 293 2607 in
308 2549 465 2619 lacrimas,
485 2550 660 2624 intentaque
674 2550 726 2609 lila
742 2548 870 2619 remittit,

170 2634 203 2691 ln
219 2633 334 2708 gremio
349 2633 466 2693 voltum
481 2632 685 2708 deposuitque
704 2649 801 2692 suum.

130 2718 197 2777 Hoc
212 2716 313 2792 ipsum
329 2715 439 2776 decuit.
471 2715 613 2775 lacrimae
628 2716 758 2775 decuere
773 2715 914 2791 pudicae,

170 2800 209 2859 Et
224 2801 319 2860 iacies
334 2800 435 2859 animo
450 2799 604 2874 dignaque
619 2813 737 2874 parque
752 2797 815 2857 luit.

132 2883 227 2944 ‘Pone
242 2891 368 2958 metum,
390 2884 517 2944 venioi’
541 2883 674 2945 coniunx
689 2882 739 2941 ait,
769 2881 823 2940 Illa
837 2881 956 2954 revixit

54 2977 113 3034 760
169 2968 277 3042 Deque
292 2967 349 3025 viri
366 2968 445 3026 collo
461 2968 550 3026 dulce
565 2966 712 3042 pependit
726 2981 813 3026 onus.

131 3050 251 3110 Interea
265 3051 385 3111 iuvenis
401 3050 528 3110 furiatos
540 3051 644 3126 regius
658 3049 738 3124 ignis

172 3133 323 3210 Concipit,
346 3140 376 3195 et
390 3149 483 3193 caeco
498 3142 603 3208 raptus
619 3149 722 3194 amore
737 3132 816 3191 iurit.

129 3217 241 3277 Forma
254 3219 367 3293 placet,
393 3218 563 3292 niveusque
578 3219 678 3291 color,
692 3216 829 3292 flavique
848 3214 958 3290 capilli,

172 3301 291 3376 Quique
306 3303 411 3361 aderat
424 3300 506 3360 nulla
520 3301 619 3361 lactus
634 3300 672 3359 ab
688 3307 752 3360 arte
765 3301 874 3360 decor:

56 3394 114 3450 765
129 3385 234 3445 Verbo
249 3386 371 3460 placent
384 3393 414 3446 et
427 3400 503 3456 voir,
527 3390 556 3444 et
578 3383 662 3460 quod
681 3399 874 3459 corrumpere
889 3397 951 3442 non
965 3391 1026 3440 est·¹

168 3469 297 3543 Quoque
315 3470 414 3529 minor
429 3483 502 3544 spes
518 3475 580 3544 est,
602 3469 661 3528 hoc
677 3467 773 3541 magis
789 3466 839 3526 ille
855 3466 946 3541 cupit.

131 3567 211 3610 ovm.
234 3552 283 3610 lll.
819 3555 853 3610 16
