2318 3960
99 201 142 266 98
537 193 684 259 lututs

141 362 176 418 tu
228 353 266 413 Et
283 351 373 413 sinite
388 348 501 426 optatis
517 349 642 426 pondus
657 348 761 408 inesse
776 347 865 408 meis.
945 379 948 382 ⁴

184 440 320 514 Ipsaque
333 441 365 495 tu
377 433 492 508 Tellus,
514 434 618 509 ipsun
630 448 703 493 oum.
712 431 857 493 fluetibus
872 445 1005 508 aequor,

227 521 299 596 lpse
313 533 398 578 meas
413 515 519 578 aether
532 517 641 592 accipe
654 530 772 577 suntme
787 530 913 592 praeest

187 605 360 678 Sideraque
375 608 405 661 et
418 600 513 661 radiis
530 600 718 661 circumdate
732 599 810 661 solis
825 599 937 676 imago,

228 688 387 759 Lunaque,
410 699 489 760 quae
503 699 670 760 numquam
685 699 747 760 quo
761 683 856 760 prius,
879 683 954 745 orbe
968 683 1072 754 micas.

143 781 177 836 ts
186 771 317 845 Noxque
330 767 526 830 tenebrarum
540 767 647 844 speeie
658 768 830 828 reverenda
843 777 974 845 tuarum

229 854 376 928 Quaeque
389 859 489 912 ratum
503 852 616 928 triplici
629 853 742 927 pollice
756 853 835 913 netis
850 868 940 928 opus,

186 938 305 1014 Quique
319 951 376 1012 per
389 935 524 996 internas
539 935 693 997 horrendo
708 952 861 998 murmure
875 935 974 996 velles

228 1020 436 1097 Inperiuratae
449 1019 562 1080 laberis
578 1019 676 1079 amnis
691 1036 800 1096 equae,

187 1106 331 1181 Quasque
346 1104 446 1163 lerunt
459 1111 539 1165 torto
553 1103 669 1163 vittatis
684 1119 783 1179 angue
798 1103 918 1180 capillis

143 1197 179 1252 80
233 1186 372 1249 Carceris
388 1185 538 1250 obseuras
554 1194 626 1248 ante
640 1188 751 1248 sedere
766 1189 859 1262 lares,

185 1274 252 1336 Vos
269 1287 402 1348 quoque,
425 1271 515 1347 plebs
529 1287 685 1348 superum,
709 1271 791 1331 launi
806 1270 968 1351 satyrique
981 1271 1118 1348 laresque

226 1355 427 1430 Fluminaque
442 1361 472 1416 et
483 1355 641 1434 nymphae
655 1355 887 1432 semideumque
900 1371 1008 1432 genus,

185 1440 327 1516 Denique
340 1439 519 1515 abantiquo
535 1439 598 1499 divi
613 1446 795 1515 veteresque
810 1439 946 1516 novique

227 1525 262 1583 ln
277 1528 416 1584 nostrum
430 1523 530 1583 cunuti
545 1530 676 1600 tempus,
698 1523 815 1600 adeste,
839 1523 933 1584 alraot

144 1615 180 1671 85
194 1606 336 1667 Carmina
350 1606 422 1666 dum
437 1606 529 1682 capiti
543 1608 623 1667 rnale
638 1607 702 1668 lodo
718 1608 787 1668 dira
801 1615 959 1682 canuntur,

227 1690 266 1750 Et
280 1695 432 1765 peragunt
447 1699 551 1766 partes
565 1691 612 1751 ira
626 1691 777 1766 dolorque
792 1707 882 1753 suast

186 1774 326 1835 Adnuite
341 1774 454 1848 optatis
470 1790 578 1835 omnes
594 1790 634 1835 ex
650 1775 758 1836 ordine
772 1775 896 1849 nostris,

227 1857 265 1917 Et
279 1873 356 1934 pars
368 1856 408 1916 sit
421 1857 486 1918 voti
500 1858 585 1918 nulla
601 1856 720 1918 oaduaa
733 1858 803 1922 mei.

187 1941 334 2017 Quaeque
351 1955 471 2016 paeoor,
494 1939 577 2002 fiant.
615 1948 723 2003 utnon
738 1958 808 2003 mea
823 1942 912 2018 diota
934 1941 993 2002 sed
1006 1941 1058 2004 illa

144 2031 180 2087 90
232 2023 403 2100 Pasiphaes
418 2025 523 2099 generi
538 2025 633 2084 verbo
647 2026 745 2086 luisse
758 2033 852 2102 putet.
980 2035 983 2043 ‘

187 2109 335 2182 Quasque
350 2123 407 2182 ego
421 2108 575 2168 transiero
590 2123 720 2184 poenas,
744 2110 876 2184 patiatur
890 2116 920 2170 et
934 2110 1013 2170 illas.

227 2191 350 2251 Plenius
365 2189 492 2265 iugenio
504 2191 544 2250 sit
558 2190 651 2250 miser
666 2191 717 2250 ille
730 2207 809 2252 meo.

186 2274 270 2335 Neve
285 2273 386 2334 minus
401 2281 535 2334 noeeant
548 2273 652 2334 fiotum
668 2274 841 2334 execrantia
855 2291 968 2336 nornen

228 2358 319 2432 Vota,
341 2356 440 2417 minus
454 2371 583 2433 magnos
599 2364 853 2419 commoveantve
868 2360 963 2420 deos=

144 2446 179 2502 95
189 2441 277 2502 Illum
292 2456 354 2516 ego
365 2441 517 2514 devoveo,
542 2456 632 2516 quam
646 2457 733 2503 mens
748 2441 895 2519 intelligit,
917 2441 993 2518 Ibin,

229 2524 286 2598 Qui
301 2538 342 2584 se·
352 2525 410 2584 seit
424 2524 513 2586 laetis
528 2524 586 2586 has
600 2526 752 2587 meruisse
766 2542 888 2604 praees.

186 2609 276 2670 Nulla
289 2624 376 2670 mora
390 2616 438 2670 est
453 2609 483 2669 in
498 2626 557 2670 me.
590 2626 736 2687 peragam
751 2618 818 2673 rata
831 2618 905 2673 vota
918 2610 1078 2673 sacerdos.

230 2692 375 2768 Quisquis
391 2695 468 2754 ades
484 2694 591 2765 saeris,
615 2711 669 2756 ore
683 2695 793 2770 favete,
816 2697 903 2757 meis.

188 2776 335 2853 Quisquis
350 2777 426 2838 adas
442 2779 549 2851 saeris,
572 2778 713 2854 lugubria
728 2779 820 2841 dieite
833 2781 939 2854 verba,

123 2866 176 2918 100
226 2861 264 2920 Et
278 2860 353 2921 fletu
367 2861 499 2922 madidis
513 2860 578 2922 Ibin
594 2861 677 2922 adite
690 2863 794 2938 genis=

187 2943 429 3020 Nominibusque
443 2945 532 3005 molis
549 2945 744 3022 pedibusque
759 2946 910 3008 occurrite
922 2945 1030 3021 laevis,

228 3027 386 3104 Et'nigrae
401 3035 504 3091 vestes
519 3044 652 3105 corpora
664 3037 769 3091 vestra
783 3037 895 3106 tegant.

186 3112 232 3172 Tu
247 3127 380 3187 quoque,
406 3112 481 3187 quid
496 3112 617 3174 dubitas
633 3113 745 3175 ferales
761 3129 883 3176 sumere
896 3113 1012 3175 vittas!

228 3194 292 3254 Iam
307 3201 375 3271 stat,
396 3202 430 3255 ut
443 3196 512 3272 ipse
525 3195 624 3269 vides,
648 3198 763 3260 luneris
778 3215 832 3259 ara
848 3197 898 3259 tui.

125 3282 177 3337 105
187 3276 305 3353 Pompa
318 3281 427 3353 parata
440 3280 493 3341 tibi
509 3286 566 3341 est.
599 3281 680 3342 votis
694 3298 781 3344 mora
794 3282 932 3344 tristibus
946 3281 1043 3344 alsit·

228 3360 275 3420 Da
289 3360 424 3436 iugulum
439 3363 552 3438 cultris,
574 3363 677 3425 hoslla
691 3365 766 3442 dira,
788 3365 874 3426 mels.

187 3443 279 3504 Terra
291 3443 345 3505 tibi
361 3444 475 3524 fruges,
497 3447 596 3509 amnis
611 3447 663 3508 tibi
679 3448 811 3525 deneget
822 3449 933 3515 undas.
