2318 3960
393 223 421 298 l,
442 221 479 296 6,
501 220 598 298 1-7,
619 221 669 288 17.

112 373 245 435 carcere
259 372 401 434 dicuntur
415 375 511 435 clausi
526 390 653 451 sperare
669 379 806 451 salntem,

153 458 257 534 Atque
271 457 382 532 aliquis
397 457 536 535 pendens
552 459 581 518 in
599 475 689 521 cruce
704 467 776 523 vota
791 462 871 522 iacit.

53 570 55 576 ·
115 541 199 601 Haec
214 541 273 600 dea
288 558 380 616 qoam
394 542 507 602 multos
521 543 632 618 laqueo
649 560 706 604 sua
721 546 800 605 colla
813 544 935 622 ligantis

63 633 101 685 to
154 624 223 685 Non
237 631 285 684 cst
299 626 460 702 proposita
474 641 569 701 passa
584 626 683 701 perire
698 636 790 689 necet

115 708 165 767 Me
180 723 305 783 quoque
319 716 480 770 conantem
495 709 598 784 gladio
612 711 700 771 finire
714 710 851 774 dolorem

152 792 275 867 Argon,
297 792 408 854 iniecta
423 793 631 870 continuitque
645 811 745 870 manu,

116 875 283 949 ‘Quid’que
294 877 405 936 ‘facist
419 876 552 937 lacrimis
562 893 641 953 opus
649 885 705 953 est,
716 896 777 939 non
786 879 946 956 sanguine’
958 879 1033 941 dixit

152 957 255 1036 Saepe
269 974 325 1035 per
338 961 396 1020 has
411 959 493 1021 neoti
508 961 654 1037 principis
670 963 716 1023 ira
730 965 832 1023 solet?

62 1051 99 1104 45
114 1042 259 1116 Quamvis
274 1050 322 1104 cst
335 1044 426 1119 igitur
439 1044 555 1105 meritis
569 1045 704 1106 indebita
717 1047 841 1121 nostris,

151 1125 264 1202 Magna
277 1133 378 1188 tamen
393 1143 468 1205 spes
483 1136 531 1188 cst
545 1128 576 1188 in
592 1129 728 1191 bonitate
743 1131 803 1190 dei.

114 1209 167 1288 Qui
184 1229 223 1274 nc
237 1211 371 1275 difficilis
387 1211 459 1272 mihi
473 1212 521 1287 sit,
544 1213 702 1288 Graecina,
725 1229 862 1289 precare,

153 1298 309 1361 Conferet
322 1300 352 1359 in
366 1303 472 1360 votum
486 1303 519 1357 tu
534 1312 659 1372 quoque
674 1298 768 1357 verba
786 1313 896 1358 meum.

113 1383 209 1458 lnque
222 1383 381 1444 Tomitana
394 1383 511 1443 iaceam
526 1378 689 1442 tumulatus
705 1396 808 1456 arena,

62 1477 99 1527 50
153 1465 187 1526 Si
204 1472 234 1526 te
247 1482 309 1527 non
324 1466 414 1528 nobis
429 1467 489 1526 ista
503 1481 619 1527 vovere
633 1466 737 1541 liquet.

111 1550 186 1609 Nam
202 1549 447 1626 prinsincipient
460 1556 560 1610 turres
578 1549 675 1609 vitare
690 1549 861 1626 columbae,

151 1636 249 1694 Antra
262 1634 354 1710 ierac,
376 1634 514 1711 pecudes
529 1633 674 1708 gramina,
693 1649 815 1710 mergus
830 1649 937 1710 aquas,

112 1717 208 1790 Quam
223 1720 352 1779 matese
366 1723 503 1794 praestet
517 1717 612 1777 veteri
629 1717 795 1779 Graecinus
811 1719 919 1779 amico.

151 1800 218 1861 Non
233 1802 274 1861 ita
288 1809 359 1863 sunt
372 1801 442 1862 satis
457 1802 558 1861 omnia
572 1817 664 1860 versa
677 1803 764 1862 meis.

57 1985 100 2077 ἶ.
153 2018 467 2080 mnssnnnmo.

115 2101 233 2198 Littera
247 2153 304 2212 pro
319 2135 422 2196 verbis
438 2136 500 2212 tibi,
522 2136 705 2209 Messalino,
729 2138 856 2195 satutem

150 2221 246 2295 Quam
260 2219 348 2297 tegis,
371 2236 389 2279 a
403 2221 506 2280 saevis
521 2221 618 2280 ottutit
631 2235 729 2295 usquc
745 2219 838 2279 Getis.

109 2305 226 2364 Indicat
244 2310 400 2364 auctorem
415 2305 525 2365 locust
545 2320 593 2378 an,
616 2304 675 2364 nisi
690 2303 812 2363 nomine
826 2303 914 2376 tecto,

150 2388 234 2448 Haeo
249 2403 298 2447 me
311 2387 466 2448 Nasonem
481 2388 616 2448 scribere
630 2389 725 2447 verba
739 2391 831 2448 latet?

82 2472 225 2546 sanquis
240 2472 269 2531 in
287 2478 424 2532 extremo
440 2473 559 2547 positus
574 2472 655 2532 iacet
671 2470 745 2531 orbe
759 2477 889 2544 tuorum,

149 2556 199 2616 Me
213 2563 313 2617 tamen
328 2564 469 2631 excepto,
489 2556 541 2631 qui
557 2571 667 2630 precor
681 2571 753 2615 esse
766 2561 858 2615 tuus?

108 2641 145 2699 Di
162 2641 269 2715 procul
283 2656 302 2699 a
317 2640 444 2713 cunctis,
470 2641 521 2714 qui
537 2646 566 2698 te
580 2646 765 2700 venerantur
779 2642 951 2712 amantque,

35 2725 41 2730 ’
149 2723 247 2784 Huius
262 2724 399 2785 notitiam
414 2723 513 2798 gentis
529 2722 643 2782 habere
657 2723 760 2781 veiint.

109 2807 173 2868 Nos
189 2808 264 2868 satis
279 2815 327 2869 cst
341 2809 419 2868 inter
433 2807 561 2882 glaciem
578 2806 803 2883 Scythicasque
818 2804 944 2878 sagittas

61 2903 98 2954 10
152 2891 276 2952 Vivere.
311 2892 337 2952 si
352 2892 416 2951 vita
431 2899 479 2952 cst
494 2890 599 2952 mortis
614 2890 756 2950 habenda
770 2904 877 2964 genus.

108 2976 171 3036 Nos
186 2983 306 3052 premat
319 2982 371 3035 aut
383 2975 464 3035 betlo
481 2977 580 3047 tellus,
601 2982 654 3035 aut
667 2974 780 3049 frigore
796 2970 924 3044 caelum,

149 3061 293 3135 Truxque
308 3059 400 3120 Getes
416 3061 518 3136 armia
541 3059 688 3134 grandine
703 3063 817 3133 pugnet
830 3054 946 3114 hioms=

108 3144 173 3205 Nos
189 3143 301 3204 habeat
313 3144 398 3218 regio
413 3159 471 3205 nec
485 3158 577 3219 pomo
594 3143 655 3202 icta
669 3157 726 3201 noc
740 3139 819 3214 uvis,

150 3227 189 3287 iit
203 3227 290 3288 ouius
307 3229 423 3288 nullum
438 3235 541 3289 cesset
555 3227 593 3287 ab
608 3226 697 3286 hoste
712 3226 802 3286 latus.

59 3321 96 3375 15
110 3312 218 3373 Cetera
232 3313 273 3373 sit
286 3329 399 3389 sospes
415 3314 562 3373 cultorum
576 3310 665 3371 turba
677 3317 806 3384 tuorum,

146 3396 181 3457 In
199 3396 320 3472 quibus,
342 3404 376 3458 ut
391 3399 516 3474 populo,
540 3411 613 3472 pars
629 3409 686 3468 ego
703 3410 800 3470 parva
814 3387 868 3451 ini.

109 3481 160 3542 Me
175 3482 329 3557 miserum,
347 3482 373 3542 si
389 3488 421 3542 tu
437 3481 538 3540 verbis
555 3478 721 3540 offenderis
736 3477 812 3552 istis,
