2318 3960
429 244 479 316 tv,
503 240 681 306 <illl—764.
999 246 1062 310 289

10 388 13 433 ῑ
129 394 217 457 Certe
232 411 289 470 ego
305 393 442 454 transilui
460 393 578 469 positas
592 400 638 460 ter
653 393 683 452 in
699 393 806 455 ordine
821 392 970 473 dammas,

10 480 20 579 ⁵t
169 478 300 553 Udaque
314 485 433 539 roratas
447 477 552 537 laurea
566 477 649 538 misit
663 494 770 552 aquas.

10 597 12 607 =
126 561 211 622 Mota
225 561 363 636 deaest,
384 560 533 636 operique
547 561 638 621 iavet.
668 562 828 622 navalibus
849 567 898 623 exi

10 636 15 711 ἶ
56 652 114 710 750
168 645 301 721 Puppis!
319 645 432 705 habent
447 640 554 704 ventos
569 645 629 704 iam
644 645 896 706 meavelasuos.

125 729 153 805 I,
170 734 241 806 pete
256 727 408 804 virginea,
425 728 576 804 populus,
593 729 735 790 suffimen
751 729 789 788 ab
805 746 872 790 araz

165 814 264 874 Vesta
279 812 377 872 dabit=
405 812 521 872 Vestae
535 828 661 873 munere
675 830 770 889 purus
786 815 857 873 eris.

126 895 258 972 Sanguis
274 896 345 972 equi
361 895 505 956 suffimen
521 897 592 970 erit,
608 897 757 971 vitulique
772 897 884 972 favilla,

166 981 266 1041 Tertia
281 994 331 1039 res
349 979 444 1040 durae
460 981 579 1040 eulmen
593 979 683 1040 inane
698 981 797 1041 labae.

55 1076 112 1135 735
125 1063 248 1138 Pastor,
268 1079 343 1124 oves
359 1071 480 1124 saunas
496 1063 536 1124 ad
551 1063 650 1139 prima
665 1065 847 1141 crepuscula
861 1065 972 1126 lustras

168 1148 259 1209 Unda
273 1147 359 1224 prius
375 1155 514 1223 spargat,
533 1148 680 1223 virgaque
697 1155 797 1208 verrat
811 1149 934 1208 humum

124 1230 296 1294 Fraudibus
311 1238 342 1290 et
355 1231 427 1291 fixis
444 1232 629 1292 decorentur
644 1231 735 1291 ovilia
749 1232 851 1304 ramis,

166 1316 204 1375 Et
218 1322 300 1390 tegat
317 1321 440 1376 ornatas
456 1317 549 1391 longa
565 1316 788 1376 coronatores.

125 1399 262 1460 caerulei
277 1399 352 1461 fiant
365 1399 437 1460 vivo
454 1384 493 1459 de
508 1399 653 1475 sulphure
668 1400 749 1472 lumi,

56 1491 113 1550 tao
168 1483 322 1559 Tactaque
337 1483 464 1544 fumanti
480 1483 627 1558 sulphure
640 1483 721 1544 balet
736 1483 813 1543 ovis.

122 1568 185 1628 Ure
200 1583 300 1635 mares
318 1568 419 1644 oleas,
433 1568 632 1642 taedamque,
648 1568 822 1644 herbasque
838 1567 977 1644 Sabinas,

165 1651 203 1711 Et
222 1659 328 1729 crepet
343 1652 372 1712 in
388 1651 496 1712 mediis
511 1653 616 1713 laurus
632 1652 742 1713 adusta
756 1652 843 1713 loeis.

123 1735 261 1810 Libaque
276 1736 316 1796 de
329 1734 411 1796 milio
427 1736 499 1802 milii
515 1736 632 1798 fiscella
646 1743 808 1812 sequetur:

165 1820 293 1881 Rustica
305 1821 471 1896 praecipue
486 1826 534 1880 ost
548 1820 609 1880 lrcc
623 1820 682 1880 dea
695 1821 775 1881 laeta
789 1820 868 1880 cibo.

56 1907 110 1965 745
125 1903 216 1964 Adde
232 1903 329 1978 dapes
349 1905 569 1978 mulctramque
589 1919 673 1964 suas.
705 1903 899 1980 dapibusque
924 1905 1051 1965 resectis

62 2004 64 2009 ·
164 1986 337 2049 Silvieolam
353 1987 458 2064 tepido
474 1988 552 2048 lactc
565 2003 694 2063 precare
706 1988 809 2047 Palen.

122 2071 281 2132 ‘Consule’
298 2071 348 2132 dio
363 2072 481 2148 ‘pecori
496 2071 610 2148 pariter
623 2072 809 2146 pecorisque
820 2071 990 2147 magistris:

163 2153 296 2231 Effugiat
310 2155 437 2217 stabulis
453 2172 536 2217 noxa
547 2157 674 2232 ,repulsa
686 2154 772 2215 meis.

123 2238 197 2300 Sive
212 2255 301 2300 sacro
317 2241 404 2315 pavi,
421 2239 529 2300 sedive
543 2240 601 2306 sub
616 2239 727 2299 arbore
742 2253 839 2314 sacra,

56 2334 111 2391 750
167 2322 345 2398 Pabulaque
359 2339 376 2382 e
390 2323 489 2385 bustis
502 2323 601 2384 inscia
616 2322 731 2400 carpsit
749 2322 833 2382 ovisa

123 2408 156 2468 si
171 2423 279 2469 nemus
293 2407 402 2467 intravi
418 2409 556 2480 vetitum,
572 2409 726 2469 nostrisve
741 2408 862 2482 iugatae

164 2490 243 2552 Sunt
257 2491 354 2553 oeulis
372 2491 541 2568 nyntphae,
556 2492 767 2567 semicaporve
782 2490 874 2550 deus:

122 2575 154 2636 Si
170 2591 239 2635 mea
255 2575 317 2635 lalx
332 2592 416 2635 ramo
431 2577 532 2636 lucum
548 2575 694 2650 spoliavit
709 2589 817 2648 opaco,

164 2659 254 2720 Unde
270 2659 340 2720 data
355 2660 406 2720 est'
416 2674 527 2734 aegrae
542 2658 651 2718 fiscina
665 2657 783 2717 frondis
799 2657 863 2717 ovi=

54 2749 108 2805 755
123 2743 170 2804 Da
188 2744 309 2806 taeniam
325 2744 443 2818 culpae.
474 2757 545 2814 nec,
565 2742 638 2803 dum
653 2740 869 2816 degrandinat,
887 2741 968 2802 obsit

163 2827 286 2901 Agresti
303 2828 373 2886 lano
394 2827 599 2904 supposuisse
616 2842 722 2902 pecus.

120 2914 183 2971 Neo
197 2918 308 2971 noceat
321 2911 462 2971 turbasse
477 2912 572 2970 lacus
601 2909 766 2984 ignoscite,
781 2909 945 2987 nymphae,

163 2995 247 3055 Mota
263 2994 345 3070 quod
362 2993 509 3055 obscuras
525 2994 637 3069 ungula
653 2993 724 3054 lecit
738 3010 846 3070 aquas.

121 3080 180 3149 Tu,
198 3078 269 3154 dea,
286 3093 342 3154 pro
364 3076 453 3139 nobis
469 3079 569 3138 fontes
584 3078 778 3152 fontanaque,
784 3079 873 3153 placa

54 3173 108 3231 750
164 3162 302 3222 Numina.
331 3169 363 3223 tu
382 3178 509 3237 sparsos
529 3177 584 3237 per
601 3177 708 3221 nemus
725 3175 815 3222 omne
831 3161 917 3235 deos.

120 3249 183 3306 Nee
202 3247 355 3325 dryadas
374 3261 431 3306 nec
445 3263 503 3309 nos
518 3245 678 3315 rideamus
694 3244 779 3305 labra
793 3245 917 3321 Dianae,

163 3330 226 3389 Nec
240 3329 391 3404 Faunum,
408 3331 509 3392 medio
526 3346 594 3390 cum
614 3326 727 3406 premit*
737 3345 811 3390 arva
826 3326 886 3388 die.

121 3414 203 3472 Pelle
220 3414 328 3488 procul
341 3414 476 3487 morbos.
507 3414 629 3474 valeant
651 3413 852 3489 hominesque
869 3427 1049 3491 gregesque,

163 3497 201 3556 Et
216 3499 337 3559 valeant
356 3498 478 3575 vigiles,
495 3497 740 3576 providemus,
758 3495 860 3558 canes.

81 3593 163 3639 ovro.
185 3580 235 3640 111.
812 3589 844 3643 19
