2318 3960
99 188 158 253 188
480 185 543 247 DX
561 185 715 247 PONTO

127 351 162 404 20
219 341 391 402 Gauderem
406 338 509 400 lateris
524 353 586 398 non
600 335 747 398 habuisse
761 337 871 397 locum.

177 425 240 487 Nec
255 425 417 501 querulus,
432 422 520 482 turba
537 420 677 495 quamvis
693 420 839 493 eliderer,
855 435 976 483 essem»

219 507 282 569 Sed
297 508 376 567 rorat
389 523 408 566 a
422 506 539 581 populo
553 511 625 565 tunc
642 503 715 563 mibi
730 504 821 565 dulce
835 503 944 580 premi.

177 591 388 668 prospicerem
401 589 555 664 gaudens,
572 593 704 661 quantus
720 589 798 648 toret
812 586 943 663 agminis
958 589 1042 661 ordo,

218 675 384 750 Dcnsaque
399 689 493 747 quam
504 674 629 746 longum
643 670 733 731 turba
745 678 863 732 teneret
876 671 942 731 iter.

127 764 161 817 25
176 760 305 834 Quoque
318 756 417 832 magis
432 755 532 828 noris,
549 771 640 830 quam
654 771 703 814 me
716 755 856 832 vulgaria
869 762 1003 831 tangant,

217 841 411 918 spectarem,
433 839 532 916 qualis
548 854 685 912 purpura
699 845 728 899 te
742 845 868 914 tegeret

176 925 271 1000 Signa
285 939 410 1000 quoquc
424 923 457 983 in
470 923 547 982 setta
561 937 687 982 nossem
702 923 832 983 formata
845 921 953 996 curuli,

213 1009 252 1069 Et
265 1015 360 1070 toturn
374 1007 523 1068 Numidae
537 1005 681 1080 sculptile
695 1007 794 1067 dentis
810 1022 901 1082 opus

174 1094 215 1152 At
228 1108 296 1153 cum
310 1090 457 1167 Tarpeias
472 1105 561 1151 esses
576 1089 727 1151 deductus
743 1090 886 1162 marces,
960 1149 966 1157 ,

125 1186 159 1240 30
211 1177 289 1236 Dum
304 1175 428 1234 caderet
441 1174 528 1235 iussu
549 1171 672 1234 victima
685 1189 775 1236 sacra
788 1181 850 1248 tuo,

16 1265 18 1269 ’
174 1261 224 1320 Me
239 1274 364 1334 quoque
378 1263 500 1319 secreto
514 1265 617 1332 grates
633 1256 692 1318 sibi
707 1274 836 1333 magnus
852 1263 994 1333 agentem

215 1343 364 1403 Audissct
381 1341 484 1402 media
498 1340 550 1416 qui
566 1341 654 1401 sedet
668 1343 746 1402 aede
761 1343 848 1403 deus.

174 1427 314 1500 Turaque
328 1432 428 1485 mente
443 1425 541 1499 magis
557 1425 663 1500 plena,
681 1441 772 1501 quam
786 1426 889 1500 ianoe,
905 1425 1061 1503 dedissem

215 1510 273 1569 Ter
288 1516 409 1585 quater,
426 1508 545 1582 imperii
560 1510 660 1569 taetus
675 1509 793 1570 bonore
806 1509 860 1571 tui.

124 1597 158 1652 35
174 1593 226 1653 Sic
241 1607 299 1666 ego
315 1598 495 1667 praesentes
511 1592 588 1651 inter
603 1608 778 1653 numerarer
791 1593 920 1668 anticos,

213 1676 298 1735 Mitia
311 1676 358 1734 ius
373 1674 465 1734 Urbis
480 1675 615 1734 simodo
637 1677 698 1736 iata
714 1677 838 1739 darentr

174 1760 321 1833 Quaeque
334 1757 408 1817 mihi
423 1759 492 1818 sola
507 1759 624 1834 capitur
640 1775 720 1819 nunc
735 1767 834 1821 mente
850 1760 1005 1837 voluptas,

214 1845 297 1904 Tunc
313 1842 411 1902 oeulis
426 1841 517 1901 etiam
532 1842 732 1918 percipienda
747 1845 833 1904 toret.

173 1926 240 1987 Non
254 1926 296 1986 ita
310 1925 468 1986 caelitibus
485 1926 584 1986 visum
600 1933 661 2000 est,
677 1934 707 1986 et
721 1928 849 1989 forsitan
863 1928 986 2005 aequis.

123 2021 159 2075 40
213 2010 290 2070 Nam
306 2009 382 2086 quid
395 2024 445 2070 me
459 2024 581 2084 poenae
598 2025 696 2071 causa
708 2017 818 2086 negata
828 2012 933 2074 iuvett

171 2095 273 2154 Mente
287 2101 402 2165 tamen,
420 2108 499 2168 quae
514 2094 583 2154 sola
597 2095 667 2153 loco
682 2110 743 2155 non
759 2096 876 2171 exulat,
892 2103 970 2170 utar,

211 2177 401 2237 Praeteritum
415 2178 518 2237 fasces
534 2178 745 2252 aspiciamque
759 2185 840 2241 tuos.

172 2262 256 2320 Haec
269 2261 362 2320 modo
378 2266 408 2319 te
423 2261 538 2334 populo
553 2260 730 2322 reddentem
746 2261 813 2324 iura
825 2261 950 2337 videbit,

211 2344 250 2403 Et
264 2359 299 2403 se
314 2344 442 2403 secretis
457 2343 551 2417 finget
565 2344 679 2406 adesso
692 2345 787 2406 locist

122 2432 156 2485 45
170 2427 256 2487 Nunc
270 2427 353 2502 longi
367 2427 484 2487 reditus
499 2427 607 2487 hastae
622 2444 798 2504 supponere
814 2428 901 2489 lustri

212 2509 333 2584 cernet,
350 2517 380 2571 et
394 2516 503 2571 exacta
519 2518 629 2572 cuncta
642 2513 746 2573 locare
760 2513 838 2574 fider

170 2594 257 2654 Nunc
272 2594 374 2654 iacere
388 2594 419 2654 in
432 2594 534 2654 medio
550 2596 715 2657 facundum
728 2595 824 2657 verba
837 2604 956 2669 senatu,

207 2678 331 2738 Publica
351 2685 547 2753 quaerentem
563 2678 636 2753 quid
652 2686 734 2754 petat
747 2679 876 2741 utilitas=

171 2762 256 2822 Nune
272 2779 327 2838 pro
344 2761 526 2823 Caesaribus
541 2763 664 2839 superis
680 2765 846 2825 decernere
861 2771 973 2839 grates,

121 2861 156 2912 5ο
210 2846 330 2906 Albave
345 2845 518 2921 opimorum
532 2845 612 2908 colia
627 2847 718 2907 ferire
731 2846 835 2908 boum.

170 2930 274 3005 Atque
289 2929 417 3004 utinam,
433 2945 503 2989 cum
516 2930 577 2991 iarn
592 2929 686 2991 fueris
702 2929 823 3005 potiora
838 2937 992 3007 precatus,

210 3012 251 3073 Ut
264 3013 336 3073 mihi
353 3014 489 3088 placetur
505 3013 637 3074 numinis
650 3014 710 3086 ira,
724 3022 831 3089 roges!

172 3097 284 3172 Surget
298 3097 338 3158 ad
353 3098 432 3157 banc
448 3112 555 3157 vocem
572 3098 663 3173 plena
677 3098 747 3173 pius
762 3097 842 3173 ignis
858 3098 898 3159 ab
911 3114 976 3173 ara,

213 3179 333 3256 Detque
347 3180 460 3241 bonum
475 3187 548 3242 voto
565 3181 685 3242 lucidus
701 3197 790 3243 omen
805 3197 897 3257 apere

121 3270 154 3324 55
169 3262 301 3335 Interea,
318 3281 379 3339 qua
392 3272 479 3341 parte
494 3265 577 3340 licet,
595 3280 633 3325 ne
649 3275 759 3327 cuncta
773 3280 948 3341 queramur,

206 3345 263 3405 Hic
278 3355 446 3421 quoquere
462 3349 572 3408 testum
588 3349 716 3409 consule
729 3356 852 3424 tempus
865 3364 968 3424 agam.

167 3430 272 3489 Altera
287 3429 431 3502 laetitiae,
452 3447 509 3492 nec
525 3431 639 3492 cedens
654 3448 748 3493 causa
764 3431 867 3508 priori,
