2318 3960
10 40 25 395 l

424 242 470 316 ll,
489 240 668 306 ato-321.

165 393 254 454 Nuda
267 395 366 454 lerant
379 394 481 469 posita
496 411 630 470 corpora
644 403 745 471 veste,
760 405 876 472 rogast

56 485 109 540 380
123 479 197 554 lpse
211 477 288 539 deus
304 479 398 538 velox
416 478 589 539 discurrere
603 480 717 553 gaudet
730 480 761 540 in
778 481 846 541 altis

163 560 333 634 Montibus,
349 568 381 622 et
393 561 510 622 subitas
527 562 660 637 concipit
674 563 742 638 ipsc
756 566 856 639 fugas.

122 645 196 720 ipsa
210 643 288 706 daus
303 645 403 705 nudus
418 645 519 706 nudos
536 646 618 706 iubet
632 646 677 706 ire
690 647 855 709 ministros.
945 688 947 694 ι

164 727 228 789 Nec
242 729 317 790 satis
332 730 372 789 ad
388 745 496 790 cursus
516 730 678 790 commoda
692 732 789 792 vestis
804 739 878 791 erat.

14 840 23 877 0
124 811 206 872 Ante
219 813 323 874 lovem
337 813 471 887 genitum
484 819 583 874 terras
597 813 744 875 habuisse
759 817 894 876 teruntur

58 897 112 952 090
165 896 321 969 Arcades,
340 906 370 957 et
383 898 455 957 luna
467 912 545 972 gens
560 897 646 971 prior
658 897 710 957 illa
723 900 788 960 luit.
883 972 885 976 ⁸

122 980 195 1040 Vita
210 980 284 1040 ieris
299 980 422 1055 similis,
437 981 538 1041 nullos
553 980 666 1056 agitata
679 997 839 1056 perusus:

162 1063 247 1124 Attis
263 1063 364 1124 adhuc
379 1078 492 1139 expers
507 1070 538 1124 et
556 1063 634 1123 rude
648 1066 758 1140 volgus
774 1072 848 1124 erat.

121 1145 182 1207 Pro
197 1147 340 1208 domibus
354 1148 481 1207 lrondes
496 1154 620 1221 norant,
635 1163 692 1221 pro
708 1147 845 1229 frugibus
861 1148 988 1210 herbam

163 1230 273 1291 Nectar
287 1239 351 1292 erat
365 1232 473 1305 polinis
487 1231 597 1291 hausta
616 1229 734 1291 duabus
749 1247 840 1307 aqua.

57 1322 108 1376 090
124 1313 232 1375 Nullus
244 1314 406 1374 anhelabat
421 1313 478 1375 sub
494 1314 614 1375 adunco
630 1329 754 1374 vomere
768 1323 888 1375 taurusae

162 1397 251 1459 Nulla
265 1397 323 1459 sub
338 1398 466 1473 imperio
480 1406 561 1459 terra
575 1397 703 1458 colentis
718 1407 797 1459 erat:

14 1456 23 1467 ’Ν
122 1481 231 1542 Nullus
245 1481 346 1541 adhuc
360 1488 425 1541 erat
439 1497 517 1551 usus
532 1482 613 1556 equi.
642 1498 677 1541 se
693 1481 823 1557 quisque
838 1480 962 1541 terebat.

164 1565 233 1629 Ibat
245 1559 314 1626 ov'is
330 1567 400 1626 lana
414 1581 529 1641 corpus
544 1564 654 1625 amicta
669 1583 737 1627 sua.

125 1647 191 1710 Sub
205 1648 279 1710 Iove
293 1648 444 1710 durabant
458 1656 487 1709 00
502 1663 634 1724 corpora
647 1651 729 1710 nuda
743 1649 900 1724 gerebant,

56 1733 109 1786 300
163 1730 262 1793 Docta
276 1747 387 1807 graves
402 1731 516 1792 imbres
531 1738 562 1792 et
573 1733 705 1792 tolerare
719 1740 819 1794 notos.

122 1814 211 1875 Nune
225 1831 349 1891 quoque
364 1816 474 1877 detecti
489 1818 623 1876 referunt
637 1818 820 1876 monimenta
834 1816 946 1875 velasti

164 1898 275 1971 Moris,
293 1905 323 1958 et
336 1899 477 1975 antiquas
492 1900 691 1961 testificantur
705 1916 792 1974 opes.

10 2025 14 2069 t
124 1980 188 2041 Sed
207 1999 262 2043 cur
275 1982 442 2058 praecipue
459 1983 553 2057 lugiet
567 1983 719 2042 velamina
732 1983 866 2054 Faunus,

165 2065 304 2128 Traditur
317 2066 433 2142 antiqui
448 2066 552 2126 fabula
563 2067 656 2140 plena
668 2066 738 2126 ioci.

54 2158 110 2211 305
126 2148 218 2210 Forte
232 2165 336 2210 comcs
351 2149 494 2210 dominae
511 2148 628 2208 iuvenis
643 2147 817 2225 Tirynthius
834 2149 913 2209 ibat=

165 2233 250 2294 Vrdit
264 2235 302 2295 ab
317 2235 442 2294 excelso
457 2233 578 2294 Faunus
594 2240 755 2307 utrumque
769 2231 851 2307 iugo.

14 2315 21 2324 “
124 2315 224 2390 trinit,
240 2324 271 2378 et
284 2317 422 2391 incaluit,
438 2317 668 2391 ‘Montana’que
681 2315 838 2388 ‘numina’
853 2315 930 2376 dixit
954 2378 957 2380 ,

166 2400 225 2460 ‘liri
238 2400 312 2460 mihi
326 2400 487 2462 vobiscum
501 2408 556 2461 est.
584 2401 634 2460 hie
648 2416 734 2461 meus
752 2400 844 2459 ardor
859 2399 935 2459 erit’

124 2483 192 2544 lbat
206 2484 343 2545 odoratis
356 2484 502 2545 humeros
517 2485 645 2560 perlusa
660 2483 778 2559 capillis

53 2583 112 2636 310
168 2567 323 2640 Maeonis,
339 2575 446 2628 aurato
462 2567 683 2643 conspicienda
697 2568 776 2626 sinu.

127 2652 231 2711 Aurea
246 2651 400 2727 pellebant
412 2650 534 2726 tepidos
548 2649 725 2710 umbracula
739 2651 833 2721 soles,

168 2734 251 2809 Quae
264 2743 364 2796 tamen
379 2736 549 2802 Herculeae
563 2734 736 2794 sustinuere
751 2749 870 2793 manus.
993 2796 998 2802 ,

127 2818 254 2894 lamque
267 2835 374 2879 nemus
389 2818 516 2891 Bacchi,
531 2819 627 2877 Tmoli
641 2816 758 2888 vineto,
773 2815 904 2890 tenebat,

166 2902 326 2980 Hesperos
342 2910 372 2964 ct
387 2904 475 2964 lusco
490 2902 633 2963 roscidus
647 2899 710 2960 ibat
724 2913 814 2971 0000.

56 2995 114 3049 315
129 2986 227 3046 Antra
241 2987 336 3060 subit,
352 2985 455 3061 tophis
470 2987 613 3062 laqueata
627 2990 657 3043 et
670 2983 790 3058 pumice
806 2982 886 3042 vivo.

171 3069 319 3132 Garrulus
335 3071 365 3129 in
380 3069 479 3146 primo
494 3070 598 3128 limine
611 3068 697 3127 rivus
712 3072 785 3125 erat.

128 3155 269 3229 Dumque
285 3161 393 3229 parant
407 3156 514 3229 epulas
528 3152 725 3227 potandaque
740 3150 811 3207 vina
824 3145 960 3217 ministn,

170 3238 305 3299 cultibus
319 3236 449 3298 Alciden
464 3237 583 3298 instruit
598 3236 649 3294 illa
663 3233 738 3293 suis.

130 3326 188 3383 Dat
201 3323 302 3382 tenuis
316 3321 452 3397 tunicas,
469 3322 595 3381 Gaetulo
611 3316 726 3379 murice
741 3316 860 3385 tinctas,

60 3417 117 3471 300
171 3407 230 3468 Dat
243 3412 369 3467 teretem
383 3421 507 3477 ronam,
523 3401 691 3479 quamodo
707 3400 805 3460 cincta
820 3397 882 3457 luit.

129 3492 245 3550 ventre
259 3489 359 3549 minor
372 3504 451 3550 zona
465 3496 521 3549 000
549 3487 718 3548 tunicamm
733 3483 833 3544 vincla
846 3482 972 3550 relaxat,
