2318 3960
99 211 141 274 62
491 210 717 273 TRlsTlull

224 363 375 426 Immunes
390 364 463 424 tanti
478 378 535 421 nec
549 362 627 421 sinet
641 377 713 424 esse
727 361 809 422 boni.

184 447 380 523 invenietque
394 447 522 520 animus,
542 462 603 521 que
618 462 723 505 currus
739 451 857 521 spectet
870 445 1028 512 domuum

224 531 274 592 Sic
289 536 370 591 certe
385 529 415 588 in
431 529 529 604 patria
543 544 599 604 per
612 530 706 588 breve
720 536 841 604 tempus
857 545 922 590 ero.

138 624 172 677 65
183 615 267 676 Vero
279 621 379 674 tamen
394 613 494 687 capiet
509 612 641 687 populus
657 614 835 688 spectacula
850 613 934 690 lelix,

223 698 377 771 Laetaque
393 696 448 755 erit
460 710 609 770 praesens
626 711 694 755 curn
709 696 788 757 duce
802 697 891 758 turba
906 714 977 760 suu.

183 784 223 840 At
236 781 309 840 mihi
324 780 448 854 fingenti
462 785 576 839 tantum
591 781 744 854 longeque
758 787 875 841 remoto

78 923 82 931 ,
220 864 354 924 Auribus
370 862 420 922 hio
434 864 549 923 tructus
564 862 782 937 percipiendus
798 864 862 938 erit,

184 950 286 1021 Atque
301 946 408 1022 procul
422 947 508 1006 Latio
525 946 680 1006 diversum
694 948 808 1008 missus
822 947 852 1006 in
869 947 978 1008 orbem

143 1030 869 1105 wfflwwmmmmffi

183 1115 212 1173 ls
229 1129 353 1189 quoque
367 1114 427 1176 iam
442 1129 544 1173 serum
559 1113 668 1172 reseret
684 1122 880 1190 veteremque
895 1117 1087 1193 triumphum.

227 1198 291 1272 Quo
306 1205 406 1258 tumen
422 1197 548 1257 audiero
564 1203 710 1271 tempore,
732 1200 830 1258 laetus
847 1213 910 1257 ero.

184 1283 238 1340 llla
253 1282 319 1342 dies
336 1281 443 1356 veniet,
467 1296 535 1340 mea
550 1293 611 1355 qua
624 1281 764 1355 lugubria
778 1298 900 1357 ponam,

228 1366 390 1440 Causaque
403 1366 524 1440 private
538 1363 662 1441 publica
676 1366 773 1425 maior
788 1366 853 1426 erit.

128 1497 167 1587 3·
186 1495 305 1606 Magna
319 1530 479 1604 minorque
495 1531 585 1603 serae,
611 1547 738 1607 quarum
752 1531 833 1607 regis
848 1533 945 1592 altera
959 1529 1075 1605 Graias,

227 1616 329 1674 Altera
345 1612 498 1686 Sidonias,
520 1621 649 1688 utraque
663 1614 755 1687 sicco,
774 1620 870 1675 rates!

187 1697 294 1757 Omnia
307 1711 374 1755 aum
390 1712 510 1757 summo
526 1699 647 1772 positae
662 1698 791 1758 videatis
807 1698 838 1757 iu
853 1713 921 1772 axe,

225 1781 262 1840 Et
276 1780 368 1839 maris
384 1780 530 1840 occiduas
545 1797 608 1841 non
622 1782 758 1842 subeatis
773 1798 879 1858 aquas,

157 1864 420 1939 5Aetheriamque
435 1865 499 1925 suis
515 1864 641 1939 cingens
657 1865 849 1940 amplexibus
864 1879 969 1926 arcem

226 1950 337 2008 Vester
351 1947 389 2007 ab
405 1948 517 2008 intacta
532 1949 662 2009 circulus
678 1954 761 2009 extet
774 1950 881 2010 humo:

186 2033 323 2108 Aspicite
337 2031 398 2106 illa,
420 2048 539 2108 precor,
562 2048 642 2108 quae
658 2049 719 2093 non
734 2032 814 2093 bene
827 2032 950 2094 moenia
965 2032 1111 2109 quondan

226 2117 340 2177 Dicitur
353 2116 465 2175 lliades
480 2116 671 2175 transiluisse
686 2117 809 2190 Remus,

186 2201 281 2274 lnque
295 2213 393 2259 meam
409 2199 520 2258 nitidos
537 2200 690 2259 dominam
705 2199 870 2260 convertite
886 2200 999 2273 vultus,

144 2294 175 2345 ιο
226 2283 333 2358 Sitque
347 2297 462 2341 memor
476 2283 572 2342 nostri
587 2299 693 2358 neone,
711 2285 822 2343 reierte
839 2283 921 2343 mihi.

186 2367 221 2426 Ei
236 2366 317 2437 mihi,
341 2380 402 2437 cur,
426 2366 550 2426 nimium
566 2383 646 2442 quae
660 2374 730 2427 sunt
744 2367 914 2442 manifesta,
932 2368 1081 2444 requiror

228 2451 287 2512 Cur
302 2448 383 2508 labat
397 2448 538 2524 ambiguo
555 2466 629 2526 spes
644 2450 716 2509 mihi
731 2451 825 2511 mixta
839 2457 943 2511 metui

188 2535 284 2594 Crede
301 2532 383 2607 quod
399 2538 454 2608 est,
478 2534 562 2608 quod
575 2535 638 2607 νίε,
662 2551 698 2596 ac
714 2535 821 2595 desine
836 2540 899 2596 tuta
913 2536 1025 2610 vereri,

226 2618 333 2691 Deque
347 2615 410 2676 lide
424 2624 506 2677 certa
521 2618 559 2678 sit
573 2618 626 2678 tibi
642 2626 724 2679 certa
738 2618 827 2678 fides.

148 2714 178 2766 15
191 2702 340 2779 Quodque
354 2702 426 2776 polo
441 2701 523 2761 fixae
536 2708 692 2777 nequeunt
705 2701 759 2762 tibi
774 2702 876 2762 dicere
891 2700 1046 2778 flammae,

226 2786 294 2845 Non
308 2785 468 2846 mentituro
483 2791 514 2844 tu
529 2786 583 2846 tibi
597 2800 675 2845 voce
690 2787 786 2845 refer:

185 2871 265 2931 Esse
279 2868 321 2928 tui
335 2884 508 2941 memorem,
533 2870 573 2929 de
588 2887 650 2943 que
663 2869 716 2928 tibi
730 2869 863 2929 maxima
877 2882 952 2928 curo
966 2876 1025 2945 est,

228 2953 377 3028 Quodque
392 2959 507 3028 potest,
532 2969 636 3014 secum
652 2968 762 3012 nomen
777 2951 892 3013 habere
905 2958 999 3013 tuum.

188 3037 328 3098 vultibus
343 3036 394 3096 illa
408 3037 467 3098 tuis
483 3044 636 3111 tamquam
651 3037 865 3112 praesentibus
880 3035 1000 3097 haeret=

143 3140 178 3192 πο
229 3123 334 3195 Teque
347 3127 464 3181 remota
480 3123 596 3197 procul,
618 3121 751 3181 simodo
766 3121 849 3194 vivit,
870 3124 959 3178 amat.

189 3203 316 3280 Ecquid,
338 3205 390 3265 ubi
404 3205 540 3265 incubuit
554 3206 633 3265 iusto
649 3220 735 3264 mens
751 3220 844 3279 aegra
859 3200 968 3276 dolori,

229 3288 321 3349 Lenis
337 3289 375 3348 ab
391 3289 545 3350 admonito
562 3296 686 3363 pectore
702 3304 829 3349 somnus
844 3287 929 3348 abitt

189 3375 271 3433 Tunc
286 3372 417 3433 subeunt
432 3387 531 3445 curae,
555 3372 626 3431 dum
640 3379 671 3431 te
685 3373 844 3447 lectusque
858 3372 1011 3446 locusque

227 3453 341 3531 Tangit,
362 3462 394 3515 et
408 3454 531 3516 oblitam
546 3471 606 3515 non
624 3456 694 3515 sinit
709 3472 779 3516 esse
794 3456 862 3525 mei,
