2318 3960
402 228 454 303 ιν,
475 225 511 302 4,
531 225 646 304 54-6,
667 226 698 290 a.
862 199 866 207 ’
1001 222 1042 288 cr

10 428 21 447 .,
104 378 199 441 Cuius
214 379 253 440 ab
271 379 425 454 adloquiis
442 379 543 438 anima
556 378 634 438 haec
649 379 831 440 moribunda
849 378 966 446 revixit„

25 487 28 493 ·
146 461 187 523 Ut
201 463 275 538 vigil
292 463 395 524 inlusa
409 462 533 538 pallade
548 461 671 522 tiammo
685 464 780 525 soleta

79 547 165 621 59ui
180 547 296 607 veritus
311 561 373 606 non
389 562 424 608 es
439 552 547 621 portus
566 546 685 621 aperire
702 546 810 606 fideles

150 629 287 689 Fulmina
303 645 473 705 percussae
488 629 727 705 confugiumque
740 630 811 689 rati=

109 712 202 773 Cuius
218 727 302 772 eram
316 728 411 775 ceusu
425 727 488 773 non
502 727 551 772 me
566 728 715 774 sensurus
730 719 878 788 egentem,

151 796 184 856 Si
200 795 314 857 caesor
326 795 441 872 patrias
459 795 623 871 eripuisset
639 812 726 872 opes.

108 880 268 955 Temporis
287 879 413 940 oblitum
427 880 501 940 dum
517 895 566 939 me
584 881 665 955 rapit
681 881 813 955 impetus
829 878 929 952 huius,

67 978 98 1030 10
149 963 271 1024 Excidit
284 963 345 1023 heu
356 979 467 1024 nomen
480 979 571 1039 quam
584 963 657 1023 mihi
673 979 771 1040 paene
786 967 885 1023 tuumt

108 1047 152 1107 Tu
166 1052 267 1107 tamen
282 1047 437 1122 agnoscis.
471 1052 633 1122 tactusque
648 1048 790 1123 cupidine
804 1045 914 1121 laudis,

151 1131 217 1190 ‘Ille
233 1146 291 1206 ego
306 1135 386 1191 sum’
402 1145 532 1206 cuperes
548 1130 650 1190 dicere
668 1147 763 1206 posse
781 1131 890 1205 palam.

110 1215 198 1275 Certe
212 1230 280 1290 ego,
302 1215 330 1275 si
344 1215 472 1288 sineres,
496 1215 614 1275 titulum
628 1214 681 1274 tibi
694 1214 826 1274 reddere
841 1213 960 1288 vellem,

147 1298 185 1359 Et
198 1315 298 1360 raram
311 1299 412 1360 lamae
426 1298 590 1358 conciliare
604 1298 706 1357 fidem.

65 1398 97 1449 15
110 1382 154 1441 Ne
169 1397 296 1443 noceam
311 1389 396 1458 grato
411 1397 521 1442 vereor
533 1382 587 1442 tibi
603 1382 744 1456 carmine,
766 1395 845 1440 neve

151 1466 386 1542 Intempestivus
401 1466 532 1526 nominis
549 1466 650 1526 obstet
664 1465 772 1525 honor.

111 1549 199 1623 Quod
215 1551 283 1610 licet
298 1557 328 1611 et
341 1556 437 1613 tutum
452 1557 509 1624 est,
531 1550 610 1609 intra
622 1556 675 1609 tuo
689 1554 815 1625 pectora
828 1547 937 1623 gaude,

79 1705 81 1708 Α
149 1633 261 1708 Meque
276 1634 318 1694 tui
333 1649 500 1694 memorem
513 1640 606 1709 teque
620 1633 718 1693 luisse
732 1633 784 1693 tui.

108 1716 210 1792 thue
224 1717 310 1794 lacis,
331 1718 424 1778 remis
440 1716 480 1777 ad
496 1733 588 1793 opem
601 1719 716 1777 luctare
731 1717 895 1791 terendam,

62 1812 99 1864 20
149 1802 227 1861 Dum
243 1802 347 1862 veniet
363 1801 487 1877 placido
503 1801 624 1861 mollior
639 1817 714 1861 aura
729 1801 804 1860 deo=

108 1884 146 1943 Et
160 1890 258 1945 tutare
273 1892 364 1962 caput
379 1886 454 1948 nulli
469 1885 630 1960 servabile,
653 1885 681 1944 si
698 1900 759 1944 non

152 1967 209 2042 Qui
222 1970 327 2030 mersit
341 1969 457 2046 Stygia,
481 1968 623 2029 sublevet
637 1968 720 2042 illud,
744 1982 839 2041 aqua:

107 2053 222 2126 Teque,
247 2054 330 2126 quod
347 2061 395 2114 est
411 2069 520 2128 rarum,
542 2058 668 2128 praesta
683 2056 857 2110 constanter
871 2050 911 2109 ad
926 2064 1015 2109 omna

148 2135 354 2198 indeclinatae
369 2153 479 2197 munus
495 2136 655 2197 amicitiae.

60 2231 95 2283 25
108 2216 161 2278 Sic
175 2226 228 2283 tua
240 2235 409 2296 processus
423 2220 535 2280 lrabeat
550 2222 671 2280 lortuna
684 2233 846 2295 perennes,

149 2300 200 2363 Sic
216 2319 277 2380 ope
291 2320 354 2364 uon
369 2320 462 2380 egeas
478 2305 555 2379 ipse,
579 2302 732 2377 iuvesque
745 2308 826 2362 tuos.

108 2385 160 2446 Sic
176 2393 287 2463 aequet
300 2394 352 2450 tua
366 2395 461 2462 nupta
476 2388 573 2447 virum
587 2386 724 2447 bonitate
736 2385 871 2461 perenni,

149 2470 267 2530 Incidat
281 2477 311 2531 et
324 2479 429 2532 vestro
443 2487 516 2530 rara-
529 2471 666 2544 querella
681 2477 760 2530 toro.

105 2553 218 2628 Diligat
231 2559 261 2613 et
274 2570 398 2631 semper
412 2555 517 2614 socius
533 2554 572 2613 de
586 2554 746 2628 sanguinis
761 2553 823 2626 illo,

59 2645 96 2699 30
149 2636 214 2711 Quo
230 2637 300 2712 pius
318 2638 431 2700 affectu
446 2637 573 2698 Castora
588 2637 680 2696 irater
694 2646 783 2697 amat

106 2720 159 2781 Sic
173 2721 292 2783 iuvenis
307 2722 478 2796 similisque
493 2720 546 2782 tibi
561 2721 599 2781 sit
614 2727 719 2795 natus,
742 2728 773 2780 et
785 2720 869 2783 illum

147 2804 285 2867 Moribus
301 2810 450 2881 agnoscat
465 2803 591 2880 quilibet
607 2819 678 2865 esse
692 2811 786 2864 tuum.

106 2887 158 2949 Sic
174 2889 264 2949 iaciat
279 2904 420 2951 socerum
435 2889 525 2948 taeda
539 2894 569 2947 ta
584 2895 655 2948 nata
668 2887 770 2963 iugali,

148 2971 211 3032 Nec
225 2974 344 3034 tardum
358 2973 460 3033 iuveni
475 2973 527 3032 det
540 2971 593 3031 tibi
608 2986 721 3032 nomen
736 2972 802 3030 avit

45 3103 86 3196 0·
104 3101 265 3215 Tempore
278 3140 428 3202 ruricolae
443 3141 563 3215 patiens
578 3140 612 3200 fit
626 3147 732 3200 taurus
747 3143 847 3213 aratri,

144 3222 273 3284 Praebet
287 3233 318 3285 et
331 3225 457 3286 incurvo
474 3226 554 3285 colla
568 3223 737 3300 premenda
751 3223 833 3297 iugo.

100 3307 251 3383 Tempore
265 3315 353 3384 paret
366 3324 464 3384 equus
480 3309 569 3369 lentis
585 3308 743 3368 animosus
758 3305 897 3384 habenis,

142 3389 180 3449 Et
194 3390 317 3466 placido
333 3393 427 3454 druos
442 3392 553 3468 accipit
568 3407 622 3452 ore
633 3391 736 3468 lupos.

74 3472 251 3550 t'l'cmpore
264 3475 436 3538 Poenorum
452 3477 656 3553 compescittu
670 3476 715 3536 ira
728 3477 859 3594 leonum,
