2318 3960
99 215 141 280 52
477 207 703 270 Telsnttllt

219 366 253 425 tlt
270 365 368 425 dicam
382 361 484 423 silices
500 365 608 435 pectus
622 358 736 418 habere
751 364 844 419 tuum.

142 458 159 509 5
174 448 246 523 Quis
260 448 375 523 gradus
390 444 522 517 ulterior,
538 451 589 502 tua
604 459 665 518 quo
682 458 716 502 se
731 441 868 518 porrigat
881 441 938 518 ira,

220 533 347 592 Restat?
369 529 482 604 quidve
497 527 572 585 meis
589 525 688 585 cernis
704 526 816 586 abesse
830 525 941 585 maliet

180 616 317 675 Barbara
330 628 379 672 me
393 611 483 671 tellus
499 616 529 670 et
541 608 697 683 inhospita
709 609 799 668 litora
810 607 900 668 Ponti

221 698 357 770 Cumque
372 710 429 755 suc
444 693 540 753 borea
552 692 699 752 Maenalis
714 707 788 752 ursa
804 691 895 752 videt.

181 778 267 841 Nulln
281 778 353 837 milri
368 783 541 850 cumgente
555 776 620 834 fera
635 774 817 835 commercia
829 773 970 850 linguaea

130 879 164 929 10
221 862 328 922 Omnia
342 860 463 921 solliciti
478 864 549 918 sunt
562 859 631 918 loca
645 859 737 932 plena
749 865 857 918 metus.

178 947 279 1019 thue
294 945 387 1018 fugax
402 942 500 1003 avidis
515 956 625 1001 cervus
641 941 815 1014 deprensus
830 941 869 1000 ab
883 940 979 1015 ursis,

221 1028 385 1102 cinctaque
398 1025 549 1086 montanis
564 1030 597 1083 ut
612 1029 703 1099 pavet
715 1039 795 1099 agna
807 1024 899 1099 lupis,

179 1111 230 1172 Sic
244 1126 302 1186 ego
317 1109 470 1184 belligeris
485 1107 659 1182 agentibus
673 1107 809 1183 undique
823 1114 951 1182 saeptus

217 1196 354 1267 Teneor,
369 1193 459 1256 hoste
473 1206 573 1251 meum
586 1205 686 1266 paene
700 1196 857 1264 premente
870 1192 961 1252 latus.

129 1284 161 1337 15
175 1279 277 1354 thue
291 1277 331 1336 sit
345 1275 488 1350 exiguum
502 1289 631 1349 poenae,
648 1274 732 1349 quod
748 1274 877 1348 coniuge
892 1289 974 1350 cara,

219 1360 307 1435 Quod
322 1359 421 1435 patria
436 1373 526 1419 careo
541 1356 783 1433 pignoribusque
798 1356 891 1417 meist

176 1445 219 1504 Ut
233 1445 312 1503 mala
326 1444 408 1502 nulla
423 1443 518 1500 leram
532 1441 590 1500 nisi
605 1440 718 1500 nudam
732 1439 872 1499 Caesaris
886 1439 972 1517 iram,

216 1526 304 1585 Nuda
318 1541 426 1599 parum
442 1522 531 1583 nobis
548 1523 688 1582 Caesaris
704 1522 750 1582 ira
763 1521 834 1583 muli
849 1529 917 1584 estt

175 1609 213 1669 Et
227 1616 326 1668 tamen
341 1615 388 1668 est
401 1605 522 1681 aliquis,
539 1607 591 1681 qui
604 1606 733 1665 vulnera
747 1605 842 1674 cruda
855 1612 1009 1682 retractet,

128 1700 163 1753 lo
220 1690 326 1750 Solvet
340 1697 370 1749 et
382 1690 413 1748 in
428 1705 529 1749 mores
545 1705 601 1749 ora
614 1687 727 1748 diserta
740 1695 849 1749 meost

177 1776 210 1833 ln
226 1789 320 1833 causa
335 1772 415 1832 facili
430 1771 526 1832 cuivis
541 1771 611 1831 licet
625 1786 696 1831 esse
711 1771 866 1845 disertum,

216 1853 408 1916 matrinae
421 1854 503 1914 vires
518 1855 658 1929 frangere
673 1870 788 1929 quassa
802 1855 914 1917 valent.

178 1939 331 1999 Subruere
346 1944 394 1998 est
407 1952 494 1997 arces
510 1944 540 1997 et
554 1936 664 1997 stantia
676 1938 797 1997 moenia
810 1937 920 1998 virtus:

215 2021 386 2096 Quamlibet
398 2020 500 2095 ignavi
515 2019 715 2095 praecipitata
729 2028 879 2095 premunt.

124 2112 158 2165 25
171 2105 237 2165 Non
252 2120 320 2164 sum
336 2104 388 2178 qui
403 2105 528 2162 fueram.
551 2102 629 2177 Quid
642 2102 762 2162 inanem
779 2105 912 2179 proteris
926 2105 1085 2166 umbramt

213 2186 290 2259 Quid
309 2185 442 2245 cinerem
457 2186 541 2244 saxis
557 2186 710 2262 bustaque
725 2193 831 2249 nostra
845 2188 948 2262 petist

173 2270 287 2329 Hector
302 2275 366 2328 erat
379 2276 451 2328 tunc
466 2284 535 2327 cum
549 2267 629 2329 bello
645 2268 788 2330 certabat
810 2276 841 2330 at
854 2269 935 2331 idem

213 2353 340 2411 Tractus
356 2351 395 2410 ab
409 2351 577 2412 Haemonio
592 2368 654 2413 non
669 2359 735 2412 erat
746 2352 860 2414 Hector
874 2369 967 2429 equo.

172 2434 222 2493 Me
237 2450 371 2509 quoque,
388 2449 479 2509 quem
493 2451 585 2496 noras
600 2436 680 2510 olim,
696 2452 758 2496 non
773 2451 845 2496 esse
858 2445 1028 2500 memento:

122 2528 157 2581 so
210 2518 257 2576 llx
271 2517 323 2578 illo
338 2525 484 2593 superant
496 2517 573 2579 haec
588 2519 752 2580 simulacra
765 2520 841 2580 viro.

175 2600 253 2672 Quid
267 2599 438 2674 simulacro,
453 2601 550 2675 ferox,
566 2602 655 2662 dictis
670 2602 803 2663 incessis
818 2603 952 2664 amaris?

215 2682 318 2757 Parce,
338 2700 457 2759 precor,
472 2700 577 2745 manes
593 2685 756 2747 sollicitare
770 2694 872 2748 meost

175 2766 281 2826 Omnia
293 2782 368 2826 vera
382 2774 457 2841 puta
471 2783 539 2826 mea
553 2769 686 2843 crimina,
701 2768 742 2828 nil
757 2769 840 2830 sitin
854 2770 923 2844 illis,

215 2849 303 2923 Quod
316 2850 413 2925 magis
429 2865 563 2911 errorem
577 2868 667 2928 quam
682 2854 784 2913 scelus
799 2868 871 2914 esse
884 2859 987 2929 putes.

121 2936 156 2991 ³5
169 2932 331 2993 Pendimus
348 2949 385 2992 en
401 2933 553 3008 profugi...
569 2936 647 2996 satia
660 2941 712 2996 tua
725 2941 865 3011 pectora!
920 2953 1043 3012 poenas

211 3016 373 3090 Exilicque
386 3030 497 3090 graves
512 3018 656 3095 exiliique
669 3021 749 3080 loco.

172 3098 312 3159 Carnifici
328 3100 449 3161 fortuna
461 3109 566 3176 potest
579 3119 647 3162 mea
661 3101 765 3162 flenda
779 3101 892 3162 videri=

209 3182 248 3241 ln
260 3189 358 3242 tamen
375 3192 424 3244 est
436 3201 497 3246 uno
513 3185 614 3248 iudice
627 3202 729 3247 mersa
742 3193 867 3261 parum!

172 3263 300 3326 Saevior
315 3281 350 3325 es
364 3266 442 3328 tristi
455 3269 605 3341 Busiride,
622 3269 744 3329 saevior
757 3269 818 3344 illo,

119 3350 156 3405 lo
211 3348 267 3421 Qui
282 3349 393 3410 laisum
406 3352 488 3411 lento
505 3353 613 3415 torruit
626 3353 696 3427 igne
710 3352 830 3425 bovem,

169 3429 287 3506 Quique
305 3433 413 3494 bovem
429 3432 530 3496 Siculo
545 3437 640 3498 fertur
654 3436 789 3497 donasse
802 3441 944 3517 tyranno,
