2318 3960
94 192 156 258 lad
488 191 547 251 EX
571 188 720 252 PONTO

176 345 264 406 Hunc
280 359 406 418 quoque
420 343 605 404 carminibus
625 342 756 402 reseram
770 343 905 404 fortasse
919 343 1103 421 triumpitt'ttrr,
1124 376 1133 439 ἱ

218 427 358 490 Sufficiet
373 427 487 487 nastris
502 427 530 486 si
545 424 638 487 modo
653 425 828 500 vitumnus,
1129 474 1135 537 ἢ

134 521 168 575 65
180 511 320 572 imbuero
336 510 499 586 Scythicas
516 509 620 569 sinon
636 510 722 584 prius
738 509 808 584 ipse
823 509 962 586 sagittas

219 593 479 668 Abstuleritquei
478 607 554 652 crox
567 591 628 652 hoc
642 600 735 667 caput
748 606 824 654 ense
837 592 942 655 Getes.

174 681 258 755 Quae
273 678 300 738 si
314 692 362 737 me
379 678 466 738 salvo
482 675 603 736 dabitur
616 682 669 736 tua
683 677 789 736 laurea
801 677 933 752 templis,

220 761 326 821 Omina
341 760 389 822 bis
404 760 491 819 dices
508 774 582 818 vera
596 758 697 820 luisse
708 774 786 820 mee.

1132 986 1138 1017 i

123 948 165 1038 2.
223 977 537 1039 uussntttno

178 1064 234 1157 lile
249 1098 360 1156 domus
374 1101 498 1156 vestrae
510 1094 618 1171 primis
632 1101 795 1154 venerator
809 1094 849 1154 ab
863 1097 964 1171 annis,

219 1181 330 1241 Pulsus
345 1181 386 1240 ad
399 1178 511 1239 Euxini
525 1178 607 1239 Naso
624 1178 749 1238 sinistra
762 1177 838 1249 treti,

178 1263 267 1323 Mittit
280 1263 318 1323 ab
336 1262 491 1324 indomitis
507 1262 595 1337 itane,
614 1261 802 1336 Messalina,
822 1262 963 1339 salutem,

186 1361 189 1365 ·
221 1348 317 1422 Quam
332 1347 443 1408 solitus
461 1361 609 1421 praesens
624 1352 672 1405 est
687 1344 741 1404 tibi
756 1346 845 1420 ferre,
868 1345 965 1408 Getis.

151 1431 213 1495 5Ei
229 1431 316 1491 mibi!
340 1431 416 1505 quid
430 1431 510 1491 lecto
528 1432 629 1491 vultus
644 1428 698 1490 tibi
712 1429 836 1489 nomine
850 1442 912 1489 non
926 1434 976 1492 esi

222 1515 278 1588 Qui
292 1514 354 1588 luit
375 1520 406 1573 et
419 1514 542 1574 dubitas
558 1519 660 1573 cetera
673 1516 854 1587 perlegeres

179 1598 315 1672 Perlege,
338 1612 395 1657 nec
409 1611 528 1656 mecum
544 1597 657 1672 pariter
671 1595 850 1670 meaverbn
863 1596 985 1673 release
1143 1632 1147 1709 ι

219 1680 302 1743 Urbe
316 1681 388 1741 licet
400 1686 504 1741 vestra
517 1679 661 1741 versibus
677 1694 750 1740 esse
765 1679 854 1740 meis.

178 1765 246 1825 Non
262 1779 320 1838 ego
337 1765 474 1839 concepi,
494 1765 522 1823 si
535 1762 640 1824 Pelion
656 1762 735 1823 Ossa
749 1762 880 1839 tulisset,

138 1859 172 1910 10
224 1848 311 1908 Clara
324 1863 395 1908 mea
407 1847 490 1921 tangi
505 1847 609 1908 sidera
624 1861 720 1922 posse
734 1862 835 1907 manu.

179 1932 241 1992 Nec
256 1947 316 1993 nos
329 1931 477 1991 Enceladi
493 1931 646 1990 dementia
661 1937 763 1991 castra
777 1930 875 1992 secuti

221 2017 255 2076 ln
270 2031 371 2076 rerum
386 2015 528 2077 dominos
543 2014 697 2075 movimus
711 2028 797 2073 arma
811 2013 899 2076 deos.

180 2100 254 2172 Nec,
275 2100 360 2173 quod
373 2099 513 2176 Tydidae
527 2097 687 2157 temeraria
702 2097 829 2157 dextera
842 2096 924 2170 iecit,

223 2183 353 2243 Numina
367 2189 439 2242 suni
452 2181 521 2241 telis
536 2183 600 2240 ulla
614 2181 708 2255 petita
722 2180 810 2241 meis.

139 2274 171 2324 15
182 2266 238 2326 Est
251 2281 321 2325 mea
336 2265 427 2339 culpa
440 2264 554 2339 gravis,
577 2265 634 2324 sed
649 2279 730 2338 quae
743 2278 792 2323 me
807 2262 939 2338 perdere
951 2264 1054 2326 solunt

221 2352 310 2409 Ausa
323 2348 372 2422 sit,
392 2355 423 2407 et
435 2348 552 2408 nullum
565 2348 666 2409 maius
681 2348 791 2408 adoria
804 2348 902 2408 nefas.

180 2432 226 2491 Nil
242 2431 301 2491 nisi
316 2447 378 2491 non
394 2432 520 2507 sapiens
536 2447 664 2507 possum
679 2430 868 2505 timidusque
882 2432 1003 2493 vocaris

220 2515 305 2575 Haec
320 2515 382 2575 duo
398 2522 469 2576 sunt
483 2516 574 2576 animi
590 2516 713 2575 nomina
727 2528 802 2574 vera
815 2514 885 2573 mei.

180 2599 260 2660 Esse
276 2598 400 2673 quidem
413 2600 512 2660 fateor
524 2598 660 2658 meritam
674 2605 746 2674 post
761 2598 902 2660 &esuris
917 2599 992 2658 iram

129 2693 166 2744 20
222 2682 383 2743 Difficilem
398 2682 542 2758 precibus
557 2690 587 2742 te
602 2697 727 2756 queque
742 2682 808 2742 iure
823 2683 910 2742 meis.

181 2767 328 2841 Quaeque
341 2773 393 2827 tua
408 2774 456 2827 est
470 2767 569 2840 pietas
584 2765 615 2824 in
631 2772 727 2826 totum
741 2780 852 2826 numen
867 2765 934 2838 Iuli,

221 2852 264 2910 Te
278 2849 368 2923 laedi,
390 2864 459 2910 eum
474 2850 545 2924 quis
561 2849 692 2910 laeditur
705 2850 785 2920 inde,
806 2856 908 2923 putas.

181 2933 244 2993 Sed
259 2933 330 2993 licei
344 2948 429 2992 arma
443 2934 524 2994 ieras
539 2940 570 2993 et
582 2935 710 2993 vulnera
724 2948 820 2993 saeva
834 2931 970 3006 mineris,

219 3016 287 3078 Non
302 3023 404 3077 tamen
419 3016 548 3091 efficies,
570 3023 605 3077 ut
617 3017 742 3076 timeare
756 3015 839 3075 mihi.

131 3109 164 3162 ’lb
178 3100 295 3175 Puppis
309 3100 559 3162 Achaemeniden
575 3101 698 3160 Graium
711 3100 843 3160 Troiana
856 3099 989 3175 recepit»

220 3183 339 3245 Proluit
352 3193 382 3244 et
394 3184 487 3261 Myso
502 3183 601 3244 Pelias
616 3184 706 3244 hasta
720 3182 799 3243 duci.

181 3266 323 3342 confugit
336 3268 485 3329 interdurn
500 3267 605 3342 templi
618 3267 750 3328 violator
763 3266 803 3328 ad
818 3282 912 3339 arum,

220 3350 282 3411 Nec
295 3357 401 3426 petere
416 3349 527 3412 offensi
543 3350 675 3412 numinis
689 3351 793 3412 barret
807 3364 909 3426 opem.

180 3433 297 3494 Dixerit
310 3434 370 3494 hoe
385 3435 496 3498 alianis
510 3441 605 3496 lulum
620 3449 682 3494 non
697 3449 778 3494 esse.
812 3433 951 3493 latemur.
