<?xml version="1.0" encoding="UTF-8"?>
<!DOCTYPE html PUBLIC "-//W3C//DTD XHTML 1.0 Transitional//EN"
    "http://www.w3.org/TR/xhtml1/DTD/xhtml1-transitional.dtd">
<html xmlns="http://www.w3.org/1999/xhtml" xml:lang="en" lang="en">
 <head>
  <title>
</title>
<meta http-equiv="Content-Type" content="text/html;charset=utf-8" />
  <meta name='ocr-system' content='tesseract 3.04.00' />
  <meta name='ocr-capabilities' content='ocr_page ocr_carea ocr_par ocr_line ocrx_word'/>
</head>
<body>
  <div class='ocr_page' id='page_1' title='image "./povidiusnasoexr00merkgoog_0206.png"; bbox 0 0 2318 3960; ppageno 0'>
   <div class='ocr_carea' id='block_1_1' title="bbox 409 221 682 297">
    <p class='ocr_par' dir='ltr' id='par_1_1' title="bbox 409 221 682 297">
     <span class='ocr_line' id='line_1_1' title="bbox 409 221 682 297; baseline 0.004 -15"><span class='ocrx_word' id='word_1_1' title='bbox 409 223 466 296; x_wconf 94' lang='lat' dir='ltr'><strong>IV,</strong></span> <span class='ocrx_word' id='word_1_2' title='bbox 491 221 527 297; x_wconf 78' lang='grc'><strong>9,</strong></span> <span class='ocrx_word' id='word_1_3' title='bbox 546 222 682 286; x_wconf 64' lang='grc' dir='ltr'><strong>ἳθ--θδ,</strong></span> 
     </span>
    </p>
   </div>
   <div class='ocr_carea' id='block_1_2' title="bbox 71 374 1014 3626">
    <p class='ocr_par' dir='ltr' id='par_1_2' title="bbox 71 374 1014 3626">
     <span class='ocr_line' id='line_1_2' title="bbox 167 374 767 437; baseline -0.003 -1"><span class='ocrx_word' id='word_1_4' title='bbox 167 374 340 436; x_wconf 86' lang='lat' dir='ltr'><strong>Successor</strong></span> <span class='ocrx_word' id='word_1_5' title='bbox 356 374 431 436; x_wconf 87' lang='lat' dir='ltr'><strong>tanti</strong></span> <span class='ocrx_word' id='word_1_6' title='bbox 448 376 540 436; x_wconf 83' lang='lat' dir='ltr'><strong>irater</strong></span> <span class='ocrx_word' id='word_1_7' title='bbox 556 375 684 437; x_wconf 86' lang='lat' dir='ltr'><strong>honoris</strong></span> <span class='ocrx_word' id='word_1_8' title='bbox 703 375 767 436; x_wconf 87' lang='lat' dir='ltr'><strong>erit.</strong></span> 
     </span>
     <span class='ocr_line' id='line_1_3' title="bbox 124 457 911 533; baseline 0.003 -14"><span class='ocrx_word' id='word_1_9' title='bbox 124 458 201 519; x_wconf 85' lang='lat' dir='ltr'><strong>Nam</strong></span> <span class='ocrx_word' id='word_1_10' title='bbox 214 457 268 520; x_wconf 91' lang='lat' dir='ltr'><strong>tibi</strong></span> <span class='ocrx_word' id='word_1_11' title='bbox 282 458 399 519; x_wconf 89' lang='lat' dir='ltr'><strong>linitum</strong></span> <span class='ocrx_word' id='word_1_12' title='bbox 417 474 553 532; x_wconf 86' lang='lat' dir='ltr'><strong>summa,</strong></span> <span class='ocrx_word' id='word_1_13' title='bbox 570 460 734 533; x_wconf 76' lang='lat' dir='ltr'>Graeciae,</span> <span class='ocrx_word' id='word_1_14' title='bbox 749 459 911 528; x_wconf 79' lang='lat' dir='ltr'><strong>Decembri</strong></span> 
     </span>
     <span class='ocr_line' id='line_1_4' title="bbox 71 541 704 619; baseline -0.013 -11"><span class='ocrx_word' id='word_1_15' title='bbox 71 553 108 608; x_wconf 79' lang='lat'><strong>60</strong></span> <span class='ocrx_word' id='word_1_16' title='bbox 163 541 327 619; x_wconf 85' lang='lat' dir='ltr'><strong>Imperium</strong></span> <span class='ocrx_word' id='word_1_17' title='bbox 342 541 405 603; x_wconf 87' lang='lat' dir='ltr'><strong>lani</strong></span> <span class='ocrx_word' id='word_1_18' title='bbox 425 541 557 616; x_wconf 81' lang='lat' dir='ltr'><strong>suscipit</strong></span> <span class='ocrx_word' id='word_1_19' title='bbox 573 543 625 603; x_wconf 91' lang='lat' dir='ltr'><strong>ille</strong></span> <span class='ocrx_word' id='word_1_20' title='bbox 644 543 704 602; x_wconf 88' lang='lat' dir='ltr'><strong>die.</strong></span> 
     </span>
     <span class='ocr_line' id='line_1_5' title="bbox 126 624 879 701; baseline 0.004 -16"><span class='ocrx_word' id='word_1_21' title='bbox 126 626 273 701; x_wconf 80' lang='lat' dir='ltr'>Quaeque</span> <span class='ocrx_word' id='word_1_22' title='bbox 292 633 341 687; x_wconf 86' lang='lat' dir='ltr'><strong>est</strong></span> <span class='ocrx_word' id='word_1_23' title='bbox 358 624 389 683; x_wconf 91' lang='lat' dir='ltr'><strong>in</strong></span> <span class='ocrx_word' id='word_1_24' title='bbox 405 624 494 686; x_wconf 89' lang='lat' dir='ltr'><strong>vobis</strong></span> <span class='ocrx_word' id='word_1_25' title='bbox 509 627 623 700; x_wconf 86' lang='lat' dir='ltr'><strong>pietas,</strong></span> <span class='ocrx_word' id='word_1_26' title='bbox 645 627 761 690; x_wconf 83' lang='lat' dir='ltr'><strong>alterna</strong></span> <span class='ocrx_word' id='word_1_27' title='bbox 775 627 879 692; x_wconf 83' lang='lat' dir='ltr'><strong>ieratis</strong></span> 
     </span>
     <span class='ocr_line' id='line_1_6' title="bbox 166 708 784 784; baseline -0.005 -14"><span class='ocrx_word' id='word_1_28' title='bbox 166 708 300 784; x_wconf 88' lang='lat' dir='ltr'><strong>Gaudia,</strong></span> <span class='ocrx_word' id='word_1_29' title='bbox 316 715 348 769; x_wconf 91' lang='lat' dir='ltr'><strong>tu</strong></span> <span class='ocrx_word' id='word_1_30' title='bbox 362 708 465 769; x_wconf 80' lang='lat' dir='ltr'><strong>fratris</strong></span> <span class='ocrx_word' id='word_1_31' title='bbox 480 709 633 783; x_wconf 77' lang='lat' dir='ltr'><strong>fascibus,</strong></span> <span class='ocrx_word' id='word_1_32' title='bbox 649 710 700 770; x_wconf 87' lang='lat' dir='ltr'><strong>ille</strong></span> <span class='ocrx_word' id='word_1_33' title='bbox 715 709 784 773; x_wconf 91' lang='lat' dir='ltr'><strong>tuis.</strong></span> 
     </span>
     <span class='ocr_line' id='line_1_7' title="bbox 125 791 860 867; baseline 0.001 -14"><span class='ocrx_word' id='word_1_34' title='bbox 125 791 177 853; x_wconf 92' lang='lat' dir='ltr'><strong>Sic</strong></span> <span class='ocrx_word' id='word_1_35' title='bbox 193 798 225 852; x_wconf 90' lang='lat' dir='ltr'><strong>tu</strong></span> <span class='ocrx_word' id='word_1_36' title='bbox 240 791 288 852; x_wconf 95' lang='lat' dir='ltr'><strong>bis</strong></span> <span class='ocrx_word' id='word_1_37' title='bbox 304 791 399 853; x_wconf 85' lang='lat' dir='ltr'><strong>luctis</strong></span> <span class='ocrx_word' id='word_1_38' title='bbox 419 793 545 867; x_wconf 91' lang='lat' dir='ltr'><strong>consul,</strong></span> <span class='ocrx_word' id='word_1_39' title='bbox 564 791 614 854; x_wconf 90' lang='lat' dir='ltr'><strong>bis</strong></span> <span class='ocrx_word' id='word_1_40' title='bbox 629 794 783 859; x_wconf 82' lang='lat' dir='ltr'><strong>consulet</strong></span> <span class='ocrx_word' id='word_1_41' title='bbox 801 794 860 866; x_wconf 92' lang='lat' dir='ltr'><strong>ille,</strong></span> 
     </span>
     <span class='ocr_line' id='line_1_8' title="bbox 166 875 837 953; baseline -0.001 -17"><span class='ocrx_word' id='word_1_42' title='bbox 166 878 264 953; x_wconf 91' lang='lat' dir='ltr'><strong>Inque</strong></span> <span class='ocrx_word' id='word_1_43' title='bbox 279 876 371 936; x_wconf 88' lang='lat' dir='ltr'><strong>domo</strong></span> <span class='ocrx_word' id='word_1_44' title='bbox 390 875 488 936; x_wconf 90' lang='lat' dir='ltr'><strong>bimus</strong></span> <span class='ocrx_word' id='word_1_45' title='bbox 507 876 714 952; x_wconf 75' lang='lat' dir='ltr'><strong>conspicietur</strong></span> <span class='ocrx_word' id='word_1_46' title='bbox 726 875 837 937; x_wconf 87' lang='lat' dir='ltr'><strong>honor.</strong></span> 
     </span>
     <span class='ocr_line' id='line_1_9' title="bbox 71 959 1014 1034; baseline -0.002 -13"><span class='ocrx_word' id='word_1_47' title='bbox 71 966 108 1021; x_wconf 82' lang='lat'><strong>65</strong></span> <span class='ocrx_word' id='word_1_48' title='bbox 124 959 180 1034; x_wconf 81' lang='lat' dir='ltr'><strong>Qui</strong></span> <span class='ocrx_word' id='word_1_49' title='bbox 200 975 385 1034; x_wconf 89' lang='lat' dir='ltr'><strong>quamquam</strong></span> <span class='ocrx_word' id='word_1_50' title='bbox 401 966 449 1020; x_wconf 89' lang='lat' dir='ltr'><strong>cst</strong></span> <span class='ocrx_word' id='word_1_51' title='bbox 463 959 581 1034; x_wconf 90' lang='lat' dir='ltr'><strong>ingens,</strong></span> <span class='ocrx_word' id='word_1_52' title='bbox 598 966 628 1021; x_wconf 91' lang='lat' dir='ltr'><strong>et</strong></span> <span class='ocrx_word' id='word_1_53' title='bbox 644 960 759 1023; x_wconf 88' lang='lat' dir='ltr'><strong>nullum</strong></span> <span class='ocrx_word' id='word_1_54' title='bbox 772 960 881 1021; x_wconf 80' lang='lat' dir='ltr'><strong>Martia</strong></span> <span class='ocrx_word' id='word_1_55' title='bbox 895 977 1014 1022; x_wconf 80' lang='lat' dir='ltr'><strong>summa</strong></span> 
     </span>
     <span class='ocr_line' id='line_1_10' title="bbox 166 1042 808 1119; baseline 0.002 -17"><span class='ocrx_word' id='word_1_56' title='bbox 166 1043 266 1104; x_wconf 83' lang='lat' dir='ltr'><strong>Altius</strong></span> <span class='ocrx_word' id='word_1_57' title='bbox 281 1042 442 1119; x_wconf 88' lang='lat' dir='ltr'><strong>imperium</strong></span> <span class='ocrx_word' id='word_1_58' title='bbox 457 1045 586 1105; x_wconf 87' lang='lat' dir='ltr'><strong>consule</strong></span> <span class='ocrx_word' id='word_1_59' title='bbox 600 1045 700 1106; x_wconf 86' lang='lat' dir='ltr'><strong>Roma</strong></span> <span class='ocrx_word' id='word_1_60' title='bbox 715 1042 808 1118; x_wconf 84' lang='lat' dir='ltr'><strong>videt,</strong></span> 
     </span>
     <span class='ocr_line' id='line_1_11' title="bbox 124 1126 985 1201; baseline 0.001 -16"><span class='ocrx_word' id='word_1_61' title='bbox 124 1126 304 1201; x_wconf 87' lang='lat' dir='ltr'><strong>Multiplicat</strong></span> <span class='ocrx_word' id='word_1_62' title='bbox 316 1134 417 1187; x_wconf 87' lang='lat' dir='ltr'><strong>tamen</strong></span> <span class='ocrx_word' id='word_1_63' title='bbox 431 1127 513 1189; x_wconf 90' lang='lat' dir='ltr'><strong>bunc</strong></span> <span class='ocrx_word' id='word_1_64' title='bbox 528 1127 663 1201; x_wconf 88' lang='lat' dir='ltr'><strong>gravitas</strong></span> <span class='ocrx_word' id='word_1_65' title='bbox 678 1127 813 1188; x_wconf 78' lang='lat' dir='ltr'><strong>auctoris</strong></span> <span class='ocrx_word' id='word_1_66' title='bbox 827 1126 985 1198; x_wconf 87' lang='lat' dir='ltr'>honorem,</span> 
     </span>
     <span class='ocr_line' id='line_1_12' title="bbox 167 1209 793 1273; baseline -0.003 -3"><span class='ocrx_word' id='word_1_67' title='bbox 167 1210 205 1271; x_wconf 83' lang='lat' dir='ltr'><strong>Et</strong></span> <span class='ocrx_word' id='word_1_68' title='bbox 218 1211 408 1272; x_wconf 83' lang='lat' dir='ltr'><strong>maiestatem</strong></span> <span class='ocrx_word' id='word_1_69' title='bbox 420 1227 474 1272; x_wconf 88' lang='lat' dir='ltr'><strong>res</strong></span> <span class='ocrx_word' id='word_1_70' title='bbox 490 1211 561 1270; x_wconf 86' lang='lat' dir='ltr'><strong>data</strong></span> <span class='ocrx_word' id='word_1_71' title='bbox 576 1210 676 1273; x_wconf 85' lang='lat' dir='ltr'><strong>dantis</strong></span> <span class='ocrx_word' id='word_1_72' title='bbox 691 1209 793 1271; x_wconf 88' lang='lat' dir='ltr'><strong>habet.</strong></span> 
     </span>
     <span class='ocr_line' id='line_1_13' title="bbox 123 1293 775 1369; baseline 0.002 -17"><span class='ocrx_word' id='word_1_73' title='bbox 123 1294 247 1355; x_wconf 86' lang='lat' dir='ltr'><strong>iudiciis</strong></span> <span class='ocrx_word' id='word_1_74' title='bbox 262 1293 352 1369; x_wconf 90' lang='lat' dir='ltr'><strong>igitur</strong></span> <span class='ocrx_word' id='word_1_75' title='bbox 367 1295 457 1354; x_wconf 88' lang='lat' dir='ltr'><strong>liceat</strong></span> <span class='ocrx_word' id='word_1_76' title='bbox 470 1293 644 1368; x_wconf 84' lang='lat' dir='ltr'><strong>Flaccoque</strong></span> <span class='ocrx_word' id='word_1_77' title='bbox 656 1294 775 1368; x_wconf 86' lang='lat' dir='ltr'><strong>tibique</strong></span> 
     </span>
     <span class='ocr_line' id='line_1_14' title="bbox 71 1377 808 1453; baseline -0.004 -15"><span class='ocrx_word' id='word_1_78' title='bbox 71 1383 109 1438; x_wconf 82' lang='lat' dir='ltr'><strong>to</strong></span> <span class='ocrx_word' id='word_1_79' title='bbox 166 1378 289 1439; x_wconf 79' lang='lat' dir='ltr'><strong>Talibus</strong></span> <span class='ocrx_word' id='word_1_80' title='bbox 303 1378 435 1453; x_wconf 75' lang='lat' dir='ltr'><strong>Augusti</strong></span> <span class='ocrx_word' id='word_1_81' title='bbox 448 1385 569 1453; x_wconf 88' lang='lat' dir='ltr'><strong>tempus</strong></span> <span class='ocrx_word' id='word_1_82' title='bbox 588 1378 619 1437; x_wconf 93' lang='lat' dir='ltr'><strong>in</strong></span> <span class='ocrx_word' id='word_1_83' title='bbox 634 1393 725 1438; x_wconf 87' lang='lat' dir='ltr'><strong>omne</strong></span> <span class='ocrx_word' id='word_1_84' title='bbox 740 1377 808 1437; x_wconf 84' lang='lat' dir='ltr'><strong>frui.</strong></span> 
     </span>
     <span class='ocr_line' id='line_1_15' title="bbox 122 1459 835 1537; baseline -0.004 -15"><span class='ocrx_word' id='word_1_85' title='bbox 122 1462 164 1522; x_wconf 90' lang='lat' dir='ltr'><strong>Ut</strong></span> <span class='ocrx_word' id='word_1_86' title='bbox 177 1467 278 1522; x_wconf 88' lang='lat' dir='ltr'><strong>tamen</strong></span> <span class='ocrx_word' id='word_1_87' title='bbox 297 1477 433 1522; x_wconf 76' lang='lat' dir='ltr'><strong>ararum</strong></span> <span class='ocrx_word' id='word_1_88' title='bbox 453 1476 527 1522; x_wconf 87' lang='lat' dir='ltr'><strong>cura</strong></span> <span class='ocrx_word' id='word_1_89' title='bbox 546 1462 691 1537; x_wconf 82' lang='lat' dir='ltr'><strong>propiore</strong></span> <span class='ocrx_word' id='word_1_90' title='bbox 704 1459 835 1532; x_wconf 83' lang='lat' dir='ltr'><strong>vacabit,</strong></span> 
     </span>
     <span class='ocr_line' id='line_1_16' title="bbox 166 1543 815 1621; baseline -0.003 -17"><span class='ocrx_word' id='word_1_91' title='bbox 166 1547 249 1606; x_wconf 89' lang='lat' dir='ltr'><strong>Vota</strong></span> <span class='ocrx_word' id='word_1_92' title='bbox 267 1560 378 1621; x_wconf 88' lang='lat' dir='ltr'><strong>prcccr</strong></span> <span class='ocrx_word' id='word_1_93' title='bbox 392 1545 473 1605; x_wconf 89' lang='lat' dir='ltr'><strong>votis</strong></span> <span class='ocrx_word' id='word_1_94' title='bbox 488 1545 592 1608; x_wconf 86' lang='lat' dir='ltr'><strong>addite</strong></span> <span class='ocrx_word' id='word_1_95' title='bbox 605 1551 711 1606; x_wconf 82' lang='lat' dir='ltr'><strong>vestra</strong></span> <span class='ocrx_word' id='word_1_96' title='bbox 729 1543 815 1604; x_wconf 90' lang='lat' dir='ltr'><strong>meis.</strong></span> 
     </span>
     <span class='ocr_line' id='line_1_17' title="bbox 121 1627 921 1704; baseline 0.001 -16"><span class='ocrx_word' id='word_1_97' title='bbox 121 1629 202 1689; x_wconf 87' lang='lat' dir='ltr'><strong>Etsi</strong></span> <span class='ocrx_word' id='word_1_98' title='bbox 222 1645 312 1703; x_wconf 90' lang='lat' dir='ltr'><strong>quem</strong></span> <span class='ocrx_word' id='word_1_99' title='bbox 328 1628 412 1689; x_wconf 90' lang='lat' dir='ltr'><strong>dabit</strong></span> <span class='ocrx_word' id='word_1_100' title='bbox 429 1629 633 1704; x_wconf 79' lang='lat' dir='ltr'><strong>amasinum,</strong></span> <span class='ocrx_word' id='word_1_101' title='bbox 649 1631 750 1690; x_wconf 84' lang='lat' dir='ltr'><strong>laxate</strong></span> <span class='ocrx_word' id='word_1_102' title='bbox 764 1627 921 1700; x_wconf 85' lang='lat' dir='ltr'><strong>rudentes,</strong></span> 
     </span>
     <span class='ocr_line' id='line_1_18' title="bbox 163 1711 777 1788; baseline -0.005 -16"><span class='ocrx_word' id='word_1_103' title='bbox 163 1713 293 1773; x_wconf 77' lang='lat' dir='ltr'><strong>Facete</strong></span> <span class='ocrx_word' id='word_1_104' title='bbox 312 1711 428 1788; x_wconf 86' lang='lat' dir='ltr'><strong>Stygiis</strong></span> <span class='ocrx_word' id='word_1_105' title='bbox 444 1719 476 1772; x_wconf 91' lang='lat' dir='ltr'><strong>ut</strong></span> <span class='ocrx_word' id='word_1_106' title='bbox 489 1728 558 1772; x_wconf 87' lang='lat' dir='ltr'><strong>mea</strong></span> <span class='ocrx_word' id='word_1_107' title='bbox 572 1713 661 1773; x_wconf 90' lang='lat' dir='ltr'><strong>navis</strong></span> <span class='ocrx_word' id='word_1_108' title='bbox 677 1711 777 1787; x_wconf 88' lang='lat' dir='ltr'><strong>aquis.</strong></span> 
     </span>
     <span class='ocr_line' id='line_1_19' title="bbox 71 1793 992 1870; baseline -0.005 -11"><span class='ocrx_word' id='word_1_109' title='bbox 71 1804 107 1859; x_wconf 78' lang='lat'><strong>⁷5</strong></span> <span class='ocrx_word' id='word_1_110' title='bbox 121 1796 254 1857; x_wconf 88' lang='lat' dir='ltr'><strong>Praeluit</strong></span> <span class='ocrx_word' id='word_1_111' title='bbox 267 1795 331 1870; x_wconf 88' lang='lat' dir='ltr'><strong>his,</strong></span> <span class='ocrx_word' id='word_1_112' title='bbox 348 1795 511 1868; x_wconf 84' lang='lat' dir='ltr'><strong>Graeciae,</strong></span> <span class='ocrx_word' id='word_1_113' title='bbox 527 1795 605 1857; x_wconf 88' lang='lat' dir='ltr'><strong>locis</strong></span> <span class='ocrx_word' id='word_1_114' title='bbox 619 1796 713 1857; x_wconf 80' lang='lat' dir='ltr'><strong>modo</strong></span> <span class='ocrx_word' id='word_1_115' title='bbox 725 1795 866 1856; x_wconf 81' lang='lat' dir='ltr'><strong>Flaccus.</strong></span> <span class='ocrx_word' id='word_1_116' title='bbox 896 1801 929 1854; x_wconf 92' lang='lat' dir='ltr'><strong>et</strong></span> <span class='ocrx_word' id='word_1_117' title='bbox 940 1793 992 1854; x_wconf 88' lang='lat' dir='ltr'><strong>illo</strong></span> 
     </span>
     <span class='ocr_line' id='line_1_20' title="bbox 164 1876 784 1955; baseline -0.01 -15"><span class='ocrx_word' id='word_1_118' title='bbox 164 1880 244 1955; x_wconf 83' lang='lat' dir='ltr'><strong>Ripa</strong></span> <span class='ocrx_word' id='word_1_119' title='bbox 258 1880 347 1940; x_wconf 83' lang='lat' dir='ltr'><strong>ferox</strong></span> <span class='ocrx_word' id='word_1_120' title='bbox 360 1879 455 1939; x_wconf 82' lang='lat' dir='ltr'><strong>Histri</strong></span> <span class='ocrx_word' id='word_1_121' title='bbox 469 1878 528 1940; x_wconf 88' lang='lat' dir='ltr'><strong>snb</strong></span> <span class='ocrx_word' id='word_1_122' title='bbox 543 1879 622 1941; x_wconf 89' lang='lat' dir='ltr'><strong>duce</strong></span> <span class='ocrx_word' id='word_1_123' title='bbox 636 1885 701 1940; x_wconf 87' lang='lat' dir='ltr'><strong>tuta</strong></span> <span class='ocrx_word' id='word_1_124' title='bbox 716 1876 784 1938; x_wconf 91' lang='lat' dir='ltr'><strong>luit.</strong></span> 
     </span>
     <span class='ocr_line' id='line_1_21' title="bbox 122 1961 792 2040; baseline -0.01 -17"><span class='ocrx_word' id='word_1_125' title='bbox 122 1963 179 2023; x_wconf 91' lang='lat' dir='ltr'><strong>Hic</strong></span> <span class='ocrx_word' id='word_1_126' title='bbox 192 1963 289 2023; x_wconf 88' lang='lat' dir='ltr'><strong>tenuit</strong></span> <span class='ocrx_word' id='word_1_127' title='bbox 302 1961 410 2040; x_wconf 82' lang='lat' dir='ltr'><strong>Mysas</strong></span> <span class='ocrx_word' id='word_1_128' title='bbox 426 1969 534 2037; x_wconf 80' lang='lat' dir='ltr'><strong>gentes</strong></span> <span class='ocrx_word' id='word_1_129' title='bbox 550 1963 581 2022; x_wconf 92' lang='lat' dir='ltr'><strong>in</strong></span> <span class='ocrx_word' id='word_1_130' title='bbox 597 1978 674 2038; x_wconf 89' lang='lat' dir='ltr'><strong>pace</strong></span> <span class='ocrx_word' id='word_1_131' title='bbox 693 1961 792 2021; x_wconf 71' lang='lat' dir='ltr'><strong>lideliz</strong></span> 
     </span>
     <span class='ocr_line' id='line_1_22' title="bbox 165 2045 730 2107; baseline -0.005 -2"><span class='ocrx_word' id='word_1_132' title='bbox 165 2047 221 2107; x_wconf 92' lang='lat' dir='ltr'><strong>Hic</strong></span> <span class='ocrx_word' id='word_1_133' title='bbox 236 2062 310 2106; x_wconf 86' lang='lat' dir='ltr'><strong>arcu</strong></span> <span class='ocrx_word' id='word_1_134' title='bbox 322 2046 400 2106; x_wconf 90' lang='lat' dir='ltr'><strong>fisos</strong></span> <span class='ocrx_word' id='word_1_135' title='bbox 414 2046 520 2107; x_wconf 89' lang='lat' dir='ltr'><strong>terruit</strong></span> <span class='ocrx_word' id='word_1_136' title='bbox 538 2061 613 2106; x_wconf 90' lang='lat' dir='ltr'><strong>ense</strong></span> <span class='ocrx_word' id='word_1_137' title='bbox 629 2045 730 2105; x_wconf 84' lang='lat' dir='ltr'><strong>Getas.</strong></span> 
     </span>
     <span class='ocr_line' id='line_1_23' title="bbox 122 2127 840 2206; baseline -0.007 -17"><span class='ocrx_word' id='word_1_138' title='bbox 122 2130 178 2190; x_wconf 91' lang='lat' dir='ltr'><strong>Hic</strong></span> <span class='ocrx_word' id='word_1_139' title='bbox 192 2137 310 2206; x_wconf 86' lang='lat' dir='ltr'><strong>raptam</strong></span> <span class='ocrx_word' id='word_1_140' title='bbox 322 2129 461 2190; x_wconf 85' lang='lat' dir='ltr'><strong>Trosmin</strong></span> <span class='ocrx_word' id='word_1_141' title='bbox 479 2128 570 2190; x_wconf 90' lang='lat' dir='ltr'><strong>celeri</strong></span> <span class='ocrx_word' id='word_1_142' title='bbox 584 2129 697 2189; x_wconf 84' lang='lat' dir='ltr'><strong>virtute</strong></span> <span class='ocrx_word' id='word_1_143' title='bbox 715 2127 840 2202; x_wconf 86' lang='lat' dir='ltr'><strong>recepit,</strong></span> 
     </span>
     <span class='ocr_line' id='line_1_24' title="bbox 71 2211 780 2289; baseline -0.01 -13"><span class='ocrx_word' id='word_1_144' title='bbox 71 2222 109 2276; x_wconf 81' lang='lat'><strong>80</strong></span> <span class='ocrx_word' id='word_1_145' title='bbox 166 2215 335 2289; x_wconf 84' lang='lat' dir='ltr'><strong>Inlecitque</strong></span> <span class='ocrx_word' id='word_1_146' title='bbox 349 2213 414 2273; x_wconf 88' lang='lat' dir='ltr'><strong>lero</strong></span> <span class='ocrx_word' id='word_1_147' title='bbox 435 2213 585 2288; x_wconf 84' lang='lat' dir='ltr'><strong>sanguine</strong></span> <span class='ocrx_word' id='word_1_148' title='bbox 598 2211 780 2274; x_wconf 89' lang='lat' dir='ltr'><strong>Danubium.</strong></span> 
     </span>
     <span class='ocr_line' id='line_1_25' title="bbox 123 2294 968 2374; baseline -0.005 -17"><span class='ocrx_word' id='word_1_149' title='bbox 123 2297 241 2370; x_wconf 81' lang='lat' dir='ltr'><strong>Quaere</strong></span> <span class='ocrx_word' id='word_1_150' title='bbox 258 2297 317 2358; x_wconf 92' lang='lat' dir='ltr'><strong>loci</strong></span> <span class='ocrx_word' id='word_1_151' title='bbox 332 2296 441 2356; x_wconf 88' lang='lat' dir='ltr'><strong>laciem</strong></span> <span class='ocrx_word' id='word_1_152' title='bbox 457 2295 654 2374; x_wconf 84' lang='lat' dir='ltr'><strong>Scythicique</strong></span> <span class='ocrx_word' id='word_1_153' title='bbox 668 2294 863 2356; x_wconf 84' lang='lat' dir='ltr'><strong>incommoda</strong></span> <span class='ocrx_word' id='word_1_154' title='bbox 882 2294 968 2367; x_wconf 89' lang='lat' dir='ltr'><strong>caeli,</strong></span> 
     </span>
     <span class='ocr_line' id='line_1_26' title="bbox 166 2380 783 2456; baseline -0.011 -16"><span class='ocrx_word' id='word_1_155' title='bbox 166 2381 203 2441; x_wconf 87' lang='lat' dir='ltr'><strong>Et</strong></span> <span class='ocrx_word' id='word_1_156' title='bbox 219 2397 311 2456; x_wconf 87' lang='lat' dir='ltr'><strong>quam</strong></span> <span class='ocrx_word' id='word_1_157' title='bbox 325 2380 427 2440; x_wconf 88' lang='lat' dir='ltr'><strong>vicino</strong></span> <span class='ocrx_word' id='word_1_158' title='bbox 442 2386 558 2441; x_wconf 87' lang='lat' dir='ltr'><strong>terrear</strong></span> <span class='ocrx_word' id='word_1_159' title='bbox 571 2380 676 2453; x_wconf 87' lang='lat' dir='ltr'><strong>hoste,</strong></span> <span class='ocrx_word' id='word_1_160' title='bbox 690 2394 783 2454; x_wconf 76' lang='lat' dir='ltr'><strong>roga:</strong></span> 
     </span>
     <span class='ocr_line' id='line_1_27' title="bbox 125 2461 849 2538; baseline -0.003 -15"><span class='ocrx_word' id='word_1_161' title='bbox 125 2463 231 2524; x_wconf 88' lang='lat' dir='ltr'><strong>Sintne</strong></span> <span class='ocrx_word' id='word_1_162' title='bbox 245 2465 316 2524; x_wconf 85' lang='lat' dir='ltr'><strong>litae</strong></span> <span class='ocrx_word' id='word_1_163' title='bbox 335 2471 444 2525; x_wconf 88' lang='lat' dir='ltr'><strong>tenues</strong></span> <span class='ocrx_word' id='word_1_164' title='bbox 459 2463 610 2538; x_wconf 89' lang='lat' dir='ltr'><strong>serpentis</strong></span> <span class='ocrx_word' id='word_1_165' title='bbox 625 2463 696 2523; x_wconf 87' lang='lat' dir='ltr'><strong>lellc</strong></span> <span class='ocrx_word' id='word_1_166' title='bbox 710 2461 849 2536; x_wconf 82' lang='lat' dir='ltr'><strong>sagittae,</strong></span> 
     </span>
     <span class='ocr_line' id='line_1_28' title="bbox 164 2546 813 2621; baseline -0.012 -13"><span class='ocrx_word' id='word_1_167' title='bbox 164 2548 230 2608; x_wconf 85' lang='lat' dir='ltr'><strong>Fiat</strong></span> <span class='ocrx_word' id='word_1_168' title='bbox 244 2565 282 2608; x_wconf 87' lang='lat' dir='ltr'><strong>an</strong></span> <span class='ocrx_word' id='word_1_169' title='bbox 302 2548 468 2607; x_wconf 86' lang='lat' dir='ltr'><strong>humanum</strong></span> <span class='ocrx_word' id='word_1_170' title='bbox 484 2547 605 2607; x_wconf 85' lang='lat' dir='ltr'><strong>victima</strong></span> <span class='ocrx_word' id='word_1_171' title='bbox 625 2546 691 2606; x_wconf 87' lang='lat' dir='ltr'><strong>dira</strong></span> <span class='ocrx_word' id='word_1_172' title='bbox 706 2551 813 2621; x_wconf 74' lang='lat' dir='ltr'><strong>caput:</strong></span> 
     </span>
     <span class='ocr_line' id='line_1_29' title="bbox 71 2630 831 2703; baseline -0.007 -10"><span class='ocrx_word' id='word_1_173' title='bbox 71 2640 106 2693; x_wconf 80' lang='lat'><strong>85</strong></span> <span class='ocrx_word' id='word_1_174' title='bbox 120 2632 264 2703; x_wconf 74' lang='lat' dir='ltr'><strong>Manliana,</strong></span> <span class='ocrx_word' id='word_1_175' title='bbox 281 2648 320 2691; x_wconf 85' lang='lat' dir='ltr'><strong>aa</strong></span> <span class='ocrx_word' id='word_1_176' title='bbox 335 2639 424 2692; x_wconf 88' lang='lat' dir='ltr'><strong>coeat</strong></span> <span class='ocrx_word' id='word_1_177' title='bbox 438 2631 565 2690; x_wconf 88' lang='lat' dir='ltr'><strong>duratus</strong></span> <span class='ocrx_word' id='word_1_178' title='bbox 581 2630 694 2703; x_wconf 88' lang='lat' dir='ltr'><strong>lrigore</strong></span> <span class='ocrx_word' id='word_1_179' title='bbox 711 2634 831 2703; x_wconf 90' lang='lat' dir='ltr'><strong>pontus,</strong></span> 
     </span>
     <span class='ocr_line' id='line_1_30' title="bbox 162 2712 765 2790; baseline -0.012 -15"><span class='ocrx_word' id='word_1_180' title='bbox 162 2716 201 2776; x_wconf 87' lang='lat' dir='ltr'><strong>Et</strong></span> <span class='ocrx_word' id='word_1_181' title='bbox 213 2721 315 2775; x_wconf 89' lang='lat' dir='ltr'><strong>teneat</strong></span> <span class='ocrx_word' id='word_1_182' title='bbox 332 2715 448 2790; x_wconf 81' lang='lat' dir='ltr'><strong>glacies</strong></span> <span class='ocrx_word' id='word_1_183' title='bbox 462 2713 568 2787; x_wconf 85' lang='lat' dir='ltr'><strong>iugera</strong></span> <span class='ocrx_word' id='word_1_184' title='bbox 581 2712 676 2773; x_wconf 89' lang='lat' dir='ltr'><strong>multa</strong></span> <span class='ocrx_word' id='word_1_185' title='bbox 688 2712 765 2772; x_wconf 88' lang='lat' dir='ltr'><strong>lreti.</strong></span> 
     </span>
     <span class='ocr_line' id='line_1_31' title="bbox 122 2793 920 2872; baseline -0.006 -14"><span class='ocrx_word' id='word_1_186' title='bbox 122 2799 206 2858; x_wconf 88' lang='lat' dir='ltr'><strong>Haec</strong></span> <span class='ocrx_word' id='word_1_187' title='bbox 219 2798 272 2860; x_wconf 88' lang='lat' dir='ltr'><strong>ubi</strong></span> <span class='ocrx_word' id='word_1_188' title='bbox 288 2798 430 2871; x_wconf 85' lang='lat' dir='ltr'><strong>narrarit,</strong></span> <span class='ocrx_word' id='word_1_189' title='bbox 448 2812 527 2872; x_wconf 87' lang='lat' dir='ltr'><strong>quac</strong></span> <span class='ocrx_word' id='word_1_190' title='bbox 542 2796 581 2857; x_wconf 89' lang='lat' dir='ltr'><strong>sit</strong></span> <span class='ocrx_word' id='word_1_191' title='bbox 597 2810 665 2856; x_wconf 88' lang='lat' dir='ltr'><strong>mea</strong></span> <span class='ocrx_word' id='word_1_192' title='bbox 678 2796 773 2864; x_wconf 85' lang='lat' dir='ltr'><strong>lama,</strong></span> <span class='ocrx_word' id='word_1_193' title='bbox 788 2793 920 2869; x_wconf 83' lang='lat' dir='ltr'><strong>require,</strong></span> 
     </span>
     <span class='ocr_line' id='line_1_32' title="bbox 166 2878 926 2958; baseline -0.009 -16"><span class='ocrx_word' id='word_1_194' title='bbox 166 2883 294 2958; x_wconf 82' lang='lat' dir='ltr'><strong>Quoque</strong></span> <span class='ocrx_word' id='word_1_195' title='bbox 311 2882 403 2942; x_wconf 89' lang='lat' dir='ltr'><strong>modo</strong></span> <span class='ocrx_word' id='word_1_196' title='bbox 419 2896 564 2957; x_wconf 79' lang='lat' dir='ltr'><strong>peragam</strong></span> <span class='ocrx_word' id='word_1_197' title='bbox 579 2887 720 2955; x_wconf 90' lang='lat' dir='ltr'><strong>tempora</strong></span> <span class='ocrx_word' id='word_1_198' title='bbox 733 2878 824 2950; x_wconf 88' lang='lat' dir='ltr'><strong>dura,</strong></span> <span class='ocrx_word' id='word_1_199' title='bbox 840 2892 926 2951; x_wconf 87' lang='lat' dir='ltr'><strong>roga.</strong></span> 
     </span>
     <span class='ocr_line' id='line_1_33' title="bbox 122 2963 946 3036; baseline -0.006 -11"><span class='ocrx_word' id='word_1_200' title='bbox 122 2964 185 3026; x_wconf 87' lang='lat' dir='ltr'><strong>Nec</strong></span> <span class='ocrx_word' id='word_1_201' title='bbox 201 2982 308 3027; x_wconf 88' lang='lat' dir='ltr'><strong>sumus</strong></span> <span class='ocrx_word' id='word_1_202' title='bbox 323 2966 373 3025; x_wconf 90' lang='lat' dir='ltr'><strong>hic</strong></span> <span class='ocrx_word' id='word_1_203' title='bbox 393 2965 482 3036; x_wconf 87' lang='lat' dir='ltr'><strong>odio,</strong></span> <span class='ocrx_word' id='word_1_204' title='bbox 498 2979 556 3025; x_wconf 87' lang='lat' dir='ltr'><strong>nec</strong></span> <span class='ocrx_word' id='word_1_205' title='bbox 570 2963 689 3024; x_wconf 90' lang='lat' dir='ltr'><strong>scilicet</strong></span> <span class='ocrx_word' id='word_1_206' title='bbox 702 2976 774 3022; x_wconf 84' lang='lat' dir='ltr'><strong>csse</strong></span> <span class='ocrx_word' id='word_1_207' title='bbox 788 2975 946 3033; x_wconf 87' lang='lat' dir='ltr'><strong>meremur,</strong></span> 
     </span>
     <span class='ocr_line' id='line_1_34' title="bbox 72 3050 946 3123; baseline -0.014 -10"><span class='ocrx_word' id='word_1_208' title='bbox 72 3058 110 3113; x_wconf 82' lang='lat'><strong>90</strong></span> <span class='ocrx_word' id='word_1_209' title='bbox 165 3050 228 3109; x_wconf 86' lang='lat' dir='ltr'><strong>Nec</strong></span> <span class='ocrx_word' id='word_1_210' title='bbox 243 3065 311 3109; x_wconf 88' lang='lat' dir='ltr'><strong>cum</strong></span> <span class='ocrx_word' id='word_1_211' title='bbox 325 3050 448 3110; x_wconf 84' lang='lat' dir='ltr'><strong>lorlrma</strong></span> <span class='ocrx_word' id='word_1_212' title='bbox 461 3063 548 3108; x_wconf 86' lang='lat' dir='ltr'><strong>mens</strong></span> <span class='ocrx_word' id='word_1_213' title='bbox 563 3062 689 3123; x_wconf 87' lang='lat' dir='ltr'><strong>quoque</strong></span> <span class='ocrx_word' id='word_1_214' title='bbox 701 3061 794 3106; x_wconf 85' lang='lat' dir='ltr'><strong>versa</strong></span> <span class='ocrx_word' id='word_1_215' title='bbox 807 3058 876 3103; x_wconf 89' lang='lat' dir='ltr'><strong>mea</strong></span> <span class='ocrx_word' id='word_1_216' title='bbox 890 3057 946 3102; x_wconf 71' lang='lat' dir='ltr'><strong>est.</strong></span> 
     </span>
     <span class='ocr_line' id='line_1_35' title="bbox 121 3126 862 3209; baseline -0.007 -19"><span class='ocrx_word' id='word_1_217' title='bbox 121 3133 176 3192; x_wconf 89' lang='lat' dir='ltr'><strong>llla</strong></span> <span class='ocrx_word' id='word_1_218' title='bbox 192 3133 280 3209; x_wconf 89' lang='lat' dir='ltr'><strong>quies</strong></span> <span class='ocrx_word' id='word_1_219' title='bbox 296 3133 412 3205; x_wconf 87' lang='lat' dir='ltr'><strong>animo,</strong></span> <span class='ocrx_word' id='word_1_220' title='bbox 433 3147 524 3205; x_wconf 89' lang='lat' dir='ltr'><strong>quam</strong></span> <span class='ocrx_word' id='word_1_221' title='bbox 538 3138 572 3192; x_wconf 90' lang='lat' dir='ltr'><strong>tu</strong></span> <span class='ocrx_word' id='word_1_222' title='bbox 586 3131 713 3192; x_wconf 88' lang='lat' dir='ltr'><strong>laudare</strong></span> <span class='ocrx_word' id='word_1_223' title='bbox 729 3126 862 3199; x_wconf 88' lang='lat' dir='ltr'><strong>solebas,</strong></span> 
     </span>
     <span class='ocr_line' id='line_1_36' title="bbox 165 3212 803 3291; baseline -0.009 -15"><span class='ocrx_word' id='word_1_224' title='bbox 165 3219 219 3276; x_wconf 87' lang='lat' dir='ltr'><strong>llle</strong></span> <span class='ocrx_word' id='word_1_225' title='bbox 233 3224 322 3278; x_wconf 88' lang='lat' dir='ltr'><strong>vetus</strong></span> <span class='ocrx_word' id='word_1_226' title='bbox 337 3217 427 3277; x_wconf 90' lang='lat' dir='ltr'><strong>solito</strong></span> <span class='ocrx_word' id='word_1_227' title='bbox 443 3222 561 3291; x_wconf 87' lang='lat' dir='ltr'><strong>perstat</strong></span> <span class='ocrx_word' id='word_1_228' title='bbox 579 3215 610 3274; x_wconf 92' lang='lat' dir='ltr'><strong>in</strong></span> <span class='ocrx_word' id='word_1_229' title='bbox 625 3230 679 3275; x_wconf 90' lang='lat' dir='ltr'><strong>cre</strong></span> <span class='ocrx_word' id='word_1_230' title='bbox 694 3212 803 3288; x_wconf 91' lang='lat' dir='ltr'><strong>pudor.</strong></span> 
     </span>
     <span class='ocr_line' id='line_1_37' title="bbox 122 3292 973 3376; baseline -0.009 -15"><span class='ocrx_word' id='word_1_231' title='bbox 122 3300 174 3361; x_wconf 89' lang='lat' dir='ltr'><strong>Sic</strong></span> <span class='ocrx_word' id='word_1_232' title='bbox 189 3316 247 3376; x_wconf 88' lang='lat' dir='ltr'><strong>egc</strong></span> <span class='ocrx_word' id='word_1_233' title='bbox 263 3318 329 3362; x_wconf 90' lang='lat' dir='ltr'><strong>sum</strong></span> <span class='ocrx_word' id='word_1_234' title='bbox 347 3299 481 3376; x_wconf 89' lang='lat' dir='ltr'><strong>pridem,</strong></span> <span class='ocrx_word' id='word_1_235' title='bbox 498 3299 543 3359; x_wconf 90' lang='lat' dir='ltr'><strong>sic</strong></span> <span class='ocrx_word' id='word_1_236' title='bbox 557 3298 621 3372; x_wconf 88' lang='lat' dir='ltr'><strong>hic,</strong></span> <span class='ocrx_word' id='word_1_237' title='bbox 636 3297 688 3357; x_wconf 91' lang='lat' dir='ltr'><strong>ubi</strong></span> <span class='ocrx_word' id='word_1_238' title='bbox 701 3292 973 3369; x_wconf 71' lang='lat' dir='ltr'><strong>babaruslrcstts,</strong></span> 
     </span>
     <span class='ocr_line' id='line_1_38' title="bbox 162 3377 851 3460; baseline -0.012 -15"><span class='ocrx_word' id='word_1_239' title='bbox 162 3383 203 3445; x_wconf 93' lang='lat' dir='ltr'><strong>Ut</strong></span> <span class='ocrx_word' id='word_1_240' title='bbox 216 3385 281 3444; x_wconf 89' lang='lat' dir='ltr'><strong>lera</strong></span> <span class='ocrx_word' id='word_1_241' title='bbox 295 3386 365 3460; x_wconf 89' lang='lat' dir='ltr'><strong>plus</strong></span> <span class='ocrx_word' id='word_1_242' title='bbox 380 3386 501 3444; x_wconf 87' lang='lat' dir='ltr'><strong>valcant</strong></span> <span class='ocrx_word' id='word_1_243' title='bbox 515 3382 632 3458; x_wconf 90' lang='lat' dir='ltr'><strong>legibus</strong></span> <span class='ocrx_word' id='word_1_244' title='bbox 652 3397 750 3453; x_wconf 89' lang='lat' dir='ltr'><strong>arma,</strong></span> <span class='ocrx_word' id='word_1_245' title='bbox 771 3377 851 3450; x_wconf 83' lang='lat' dir='ltr'><strong>lacit,</strong></span> 
     </span>
     <span class='ocr_line' id='line_1_39' title="bbox 71 3464 995 3542; baseline -0.013 -11"><span class='ocrx_word' id='word_1_246' title='bbox 71 3476 105 3531; x_wconf 74' lang='lat'><strong>95</strong></span> <span class='ocrx_word' id='word_1_247' title='bbox 120 3468 197 3528; x_wconf 86' lang='lat' dir='ltr'><strong>Rern</strong></span> <span class='ocrx_word' id='word_1_248' title='bbox 213 3475 306 3542; x_wconf 88' lang='lat' dir='ltr'><strong>queat</strong></span> <span class='ocrx_word' id='word_1_249' title='bbox 319 3475 352 3528; x_wconf 91' lang='lat' dir='ltr'><strong>ut</strong></span> <span class='ocrx_word' id='word_1_250' title='bbox 365 3468 478 3527; x_wconf 85' lang='lat' dir='ltr'><strong>nullam</strong></span> <span class='ocrx_word' id='word_1_251' title='bbox 493 3475 538 3528; x_wconf 90' lang='lat' dir='ltr'><strong>tot</strong></span> <span class='ocrx_word' id='word_1_252' title='bbox 552 3466 629 3542; x_wconf 89' lang='lat' dir='ltr'><strong>iam,</strong></span> <span class='ocrx_word' id='word_1_253' title='bbox 650 3464 811 3535; x_wconf 86' lang='lat' dir='ltr'><strong>Graeciae,</strong></span> <span class='ocrx_word' id='word_1_254' title='bbox 828 3475 884 3539; x_wconf 90' lang='lat' dir='ltr'><strong>pcr</strong></span> <span class='ocrx_word' id='word_1_255' title='bbox 896 3474 995 3521; x_wconf 83' lang='lat' dir='ltr'><strong>annos</strong></span> 
     </span>
     <span class='ocr_line' id='line_1_40' title="bbox 162 3548 790 3626; baseline -0.008 -14"><span class='ocrx_word' id='word_1_256' title='bbox 162 3551 288 3612; x_wconf 79' lang='lat' dir='ltr'><strong>Femina</strong></span> <span class='ocrx_word' id='word_1_257' title='bbox 303 3552 342 3611; x_wconf 86' lang='lat' dir='ltr'><strong>de</strong></span> <span class='ocrx_word' id='word_1_258' title='bbox 354 3550 444 3611; x_wconf 92' lang='lat' dir='ltr'><strong>nobis</strong></span> <span class='ocrx_word' id='word_1_259' title='bbox 459 3551 545 3611; x_wconf 87' lang='lat' dir='ltr'><strong>virve</strong></span> <span class='ocrx_word' id='word_1_260' title='bbox 560 3565 676 3626; x_wconf 88' lang='lat' dir='ltr'><strong>puerve</strong></span> <span class='ocrx_word' id='word_1_261' title='bbox 693 3548 790 3624; x_wconf 87' lang='lat' dir='ltr'><strong>queri.</strong></span> 
     </span>
    </p>
   </div>
   <div class='ocr_carea' id='block_1_3' title="bbox 0 0 1164 3960">
    <p class='ocr_par' dir='ltr' id='par_1_3' title="bbox 0 0 1164 3960">
     <span class='ocr_line' id='line_1_41' title="bbox 0 0 1164 3960; baseline 0 0"><span class='ocrx_word' id='word_1_262' title='bbox 0 0 1164 3960; x_wconf 95' lang='lat' dir='ltr'><strong> </strong></span> 
     </span>
    </p>
   </div>
  </div>
 </body>
</html>
