2318 3960
285 672 341 756 EX
362 672 497 757 PON'i0
519 673 645 758 LIBER
664 671 831 759 nuttios·

89 860 127 951 1.
182 873 348 956 nuun'o.

142 974 231 1070 Naso
249 1010 423 1072 Tomitanae
438 1012 498 1071 iam
512 1025 574 1072 non
588 1027 688 1071 novus
703 1011 803 1072 incola
817 1017 917 1072 terroe

47 1152 51 1157 .
182 1094 249 1155 Hoc
263 1095 317 1154 tibi
332 1095 372 1155 de
387 1095 491 1156 Getico
507 1095 596 1155 litore
614 1096 703 1155 mittit
717 1110 808 1170 opus.

141 1176 173 1238 Si
190 1184 291 1254 vacat,
306 1178 442 1256 hospitio
457 1179 654 1256 peregrinos,
669 1179 777 1251 Brute,
794 1178 915 1241 libellos

179 1261 311 1339 Excipe,
327 1263 462 1339 dumque
477 1263 595 1339 atiquo,
612 1262 749 1339 quolibet
762 1262 842 1321 abde
856 1262 935 1323 loco.

112 1353 128 1404 5
142 1343 267 1406 Publica
281 1362 343 1406 non
358 1348 472 1409 audent
485 1347 563 1407 intra
575 1348 762 1408 monimenta
774 1346 890 1420 venire,

182 1428 226 1488 Ne
241 1446 316 1491 suus
330 1430 390 1492 hoc
405 1429 465 1492 illis
486 1432 629 1491 clauserit
643 1437 751 1490 auctor
764 1430 829 1490 iter.
853 1440 856 1446 ’

140 1512 182 1571 At
200 1513 340 1588 quotiens
356 1513 435 1590 dixi,
450 1514 550 1576 ‘Certe
563 1515 605 1574 nit
619 1523 708 1591 turpe
722 1513 856 1575 docetis:

181 1596 239 1672 lte,
253 1604 338 1674 patet
352 1598 445 1659 castis
463 1598 603 1659 versibus
618 1600 668 1659 itte
682 1599 798 1660 locust’

140 1677 207 1739 Non
221 1687 322 1740 tomen
337 1681 497 1743 accedunt.
535 1683 606 1758 scd,
621 1690 655 1743 ut
668 1683 784 1759 aspicis
799 1682 883 1758 ipse,
898 1680 993 1741 latere
1077 1758 1079 1762 μ

91 1771 124 1822 10
180 1763 244 1825 Sub
258 1765 323 1826 lure
336 1767 457 1842 privato
473 1767 564 1827 tutius
585 1782 657 1827 esse
671 1773 787 1842 putant.

141 1845 284 1922 Quaeris,
298 1848 352 1909 ubi
371 1849 430 1910 hos
445 1851 551 1925 possis
565 1851 648 1911 nullo
664 1864 851 1926 componere
868 1848 978 1909 laeso?

183 1930 249 2005 Qua
266 1938 413 1994 steterant
426 1934 534 2007 Artes,
550 1949 622 2010 pars
637 1939 728 1994 vacat
741 1933 792 1992 itta
806 1931 870 1993 tibi.

140 2013 218 2087 Quid
229 2016 370 2092 ueniant,
385 2017 520 2077 novitate
534 2033 626 2092 roges
642 2017 774 2078 sortasse
791 2015 848 2076 sub
864 2016 945 2091 ipsa.

182 2098 315 2175 Accipe,
333 2101 551 2178 quodcumque
565 2108 621 2161 est.
658 2100 823 2161 dummodo
844 2115 907 2159 non
922 2103 962 2160 sit
976 2114 1063 2159 amor

89 2190 122 2241 15
136 2180 294 2258 Invenies,
311 2185 453 2258 quamvis
468 2201 530 2246 non
546 2192 593 2245 est
606 2184 787 2246 miserabilis
802 2183 905 2257 index,

181 2265 248 2325 Non
264 2268 365 2329 minus
379 2268 440 2329 hoc
454 2269 506 2328 iilo
522 2268 623 2343 triste,
640 2269 724 2344 quod
737 2275 808 2329 ante
824 2266 905 2327 dedi.
982 2262 989 2278 ’

140 2348 244 2409 Rebus
259 2349 355 2427 idem,
370 2352 456 2414 titulo
473 2351 583 2412 differt.
616 2360 645 2412 et
660 2352 790 2428 epistola
804 2350 853 2411 cui
868 2350 909 2411 sit

182 2433 249 2492 Non
265 2437 416 2496 occultato
432 2437 555 2497 nomine
569 2436 664 2496 missu
680 2438 780 2496 docet.

141 2515 204 2574 Nec
223 2533 281 2578 vos
297 2519 358 2582 hoc
371 2521 481 2593 vultis,
502 2521 559 2581 sed
575 2536 632 2579 nec
645 2520 811 2596 prohibere
826 2517 966 2593 potestis,

90 2605 126 2658 to
182 2601 334 2679 Musaque
349 2605 390 2664 ad
404 2605 516 2663 invitos
531 2604 673 2663 officiosa
686 2605 780 2668 venit.

141 2683 292 2760 Quicquid
307 2687 338 2746 id
355 2694 417 2762 est,
434 2688 566 2762 adiunge
580 2687 667 2746 meis.
701 2687 775 2746 nihil
791 2683 919 2760 impedit
933 2691 1018 2746 ortos

181 2768 296 2846 Exule,
312 2773 443 2832 servatis
460 2770 595 2847 legibus,
614 2770 696 2832 Urbe
711 2769 781 2830 irui.

141 2849 228 2924 Quod
244 2861 361 2915 metuas
376 2871 438 2915 non
453 2861 511 2915 est
540 2855 654 2915 Antoni
671 2855 786 2930 scripte
799 2854 948 2927 teguntur,

182 2935 296 2999 Doctus
312 2945 342 2999 et
356 2939 386 2998 in
402 2944 546 3014 promptu
560 2937 673 2999 scrinia
685 2938 796 2998 Brutus
811 2934 913 2994 habet.

88 3025 123 3078 25
137 3017 200 3078 Nec
214 3036 263 3082 me
276 3022 449 3083 nominibus
464 3023 598 3083 furiosus
617 3023 741 3083 confero
756 3019 858 3080 tantis.

184 3102 285 3164 Saeva
300 3106 378 3166 deos
394 3113 499 3166 contra
514 3123 576 3165 non
591 3113 690 3165 tamen
705 3120 789 3165 arma
808 3103 872 3164 tuli.

139 3186 279 3263 Denique
294 3189 462 3263 Caesareo,
479 3191 562 3265 quod
577 3205 638 3249 non
656 3189 811 3248 desiderat
824 3188 902 3264 ipse,

183 3270 250 3331 Non
266 3280 348 3334 caret
363 3290 380 3334 e
395 3274 509 3335 nostris
525 3275 603 3333 ullus
618 3272 736 3333 honore
750 3271 835 3332 liber.

142 3352 174 3414 Si
190 3355 311 3417 dubitas
327 3359 366 3418 de
380 3375 443 3434 ine,
460 3358 568 3417 laudes
585 3356 707 3417 admitte
723 3357 859 3431 deorum,

89 3444 126 3499 co
180 3439 357 3582 Effiarmen
372 3441 495 3517 dempto
511 3442 633 3502 nomine
649 3457 736 3503 sume
751 3457 861 3501 meum.

101 3535 184 3580 orn.
250 3567 257 3581 .
845 3532 864 3584 8
