2318 3960
371 205 429 280 Ν,
452 200 488 276 7,
511 199 631 274 18—8.
652 204 704 268 36.

56 371 102 471 8.
154 402 354 470 summo.

119 488 237 584 [littera
250 537 321 584 sera
335 521 473 600 quidem,
490 524 599 585 studiis
613 525 733 584 exculte
748 522 844 598 Suilli,

156 607 223 668 iluo
236 612 288 667 tua
307 609 459 683 pervenit,
474 608 532 669 sed
545 607 620 667 mihi·
634 614 720 683 prata
733 615 845 683 lamen,

116 692 196 766 Qua,
210 690 266 765 pia
276 689 304 751 si
318 690 418 766 possit
431 706 563 766 superos
578 691 676 751 lenire
686 692 827 766 rogando

159 773 276 845 Gratia,
292 775 422 835 laturum
436 780 467 834 te
481 772 554 835 milri
567 772 647 835 dieis
663 789 764 850 opem.

86 859 157 924 sUt
170 858 231 918 iam
244 857 286 918 nil
300 864 456 933 praestes,
472 857 567 917 animi
579 874 647 919 sum
661 859 760 919 laetus
777 859 866 920 amici

154 940 293 1014 Debitor,
309 947 339 1001 el
352 941 492 1001 meritum
512 942 591 1002 uelle
604 941 710 1002 iuvare
725 957 812 1002 voco.

115 1028 250 1101 Impetus
264 1024 323 1085 isle
336 1031 408 1086 tuus
423 1026 546 1100 longum
560 1025 654 1086 modo
669 1026 758 1085 duret
770 1027 801 1086 in
816 1041 936 1101 aeunni,

29 1151 34 1158 .
154 1109 238 1168 Neve
251 1108 339 1168 malis
355 1108 454 1185 pietas
468 1109 509 1168 sit
524 1114 576 1168 lua
590 1110 675 1169 lassa
689 1109 776 1169 meis.

115 1195 167 1254 lus
183 1191 310 1268 aliquod
324 1192 440 1253 laniunt
452 1192 569 1252 adfinia
580 1191 703 1252 vinnula
716 1192 816 1263 nobis,

63 1289 99 1341 10
155 1277 239 1351 Quae
254 1290 378 1351 semper
390 1282 534 1336 maneant
546 1275 729 1336 inlabefacta
743 1290 863 1351 precor.

116 1361 192 1421 Nam
206 1358 260 1420 tibi
273 1375 353 1434 quae
372 1360 520 1433 coniunx,
536 1360 646 1419 eadem
658 1359 731 1419 mibi
745 1359 809 1421 filia
823 1373 922 1434 paene
936 1367 991 1433 est,

156 1444 197 1505 El
210 1457 290 1518 quae
303 1450 334 1503 te
347 1457 508 1518 generum,
523 1458 572 1502 me
587 1449 679 1503 voeat
692 1442 744 1502 illa
757 1442 865 1502 virum

115 1529 152 1589 Ei
166 1526 255 1599 mibi,
268 1526 297 1586 si
311 1526 397 1588 laetis
412 1528 529 1587 vultum
542 1532 574 1584 tu
589 1525 731 1588 versibus
746 1527 813 1586 istis

156 1610 250 1673 Ducis
265 1616 295 1670 et
309 1610 442 1670 adfinem
455 1615 485 1669 te
501 1610 597 1684 pudet
610 1625 682 1670 esse
695 1617 813 1670 meum!

63 1700 100 1754 15
114 1698 157 1757 At
169 1694 243 1755 nihil
259 1692 310 1753 hie
326 1693 451 1769 dignum
466 1692 584 1769 poteris
597 1693 733 1768 reperire
749 1694 869 1768 pudore

155 1777 279 1839 Praeter
292 1778 460 1851 fortunam,
476 1776 644 1852 quaemihi
659 1792 753 1837 eaeea
767 1777 831 1839 luit.

115 1862 179 1924 Seu
191 1876 290 1936 genus
304 1860 458 1932 excutias,
474 1861 595 1936 equites
610 1860 649 1922 ab
665 1861 781 1936 origine
797 1860 893 1937 prime

155 1946 263 2019 Usque
276 1958 333 2019 per
346 1944 525 2004 innumeros
538 1944 730 2005 inveniemur
744 1959 838 2005 avesa

117 2029 191 2090 Sive
204 2028 296 2098 velis,
313 2028 366 2103 qui
382 2026 458 2101 sint,
472 2043 575 2087 mores
591 2027 745 2102 inquirere
759 2032 892 2100 nostros,

62 2126 101 2178 ao
153 2112 296 2172 Errorem
310 2112 423 2172 misero
443 2109 586 2183 debebo,
602 2105 672 2171 labe
686 2117 800 2171 carent.

116 2199 161 2257 Tu
174 2194 267 2255 modo
282 2194 309 2255 si
325 2195 400 2271 quid
414 2193 464 2270 agi
478 2193 618 2270 sperabis
637 2209 733 2270 posse
748 2194 912 2270 precando,

158 2278 242 2353 Quos
257 2277 349 2351 eolis,
367 2293 464 2338 exora
477 2278 619 2354 supplice
631 2294 711 2339 voce
725 2278 813 2339 deos.

115 2362 153 2424 Di
166 2361 221 2423 tibi
235 2368 306 2422 sunt
320 2361 433 2422 Caesar
445 2362 577 2422 iuvenis.
605 2370 655 2423 lua
669 2363 793 2423 numina
806 2364 904 2438 placa.

157 2447 223 2506 Hae
239 2452 320 2505 uerte
337 2446 421 2506 nulla
434 2452 483 2506 est
495 2446 598 2506 notior
611 2462 666 2506 ara
678 2445 743 2505 libi.

64 2537 101 2591 ab
115 2529 183 2592 Non
197 2529 269 2591 sinit
282 2529 335 2592 illa
347 2529 396 2590 sui
410 2544 507 2590 vanas
522 2529 663 2590 antistitis
679 2546 825 2606 umquam

157 2614 237 2674 Esse
251 2628 371 2688 praees.
399 2613 514 2673 nostris
528 2612 599 2673 hine
613 2612 791 2688 paterenus
806 2628 907 2689 opem.

117 2695 287 2772 Quamlibet
300 2696 411 2773 exiguo
425 2697 452 2755 si
466 2712 524 2757 nos
541 2712 578 2757 ea
592 2695 800 2768 iuventamn,

156 2780 271 2841 Obruta
284 2781 324 2840 de
338 2779 448 2841 mediis
463 2779 575 2839 cumba
588 2786 728 2856 resurget
743 2779 843 2855 aquis.

115 2866 200 2925 Tune
215 2879 273 2939 ego
288 2871 357 2924 tura
370 2863 465 2923 leram
479 2863 598 2938 rapidis
613 2861 774 2925 sollemnia
791 2859 930 2936 ilommls,

63 2962 102 3016 30
158 2947 197 3008 Et
209 2948 332 3007 valeant
346 2948 642 3023 quantumnunina,
662 2945 749 3008 testis
764 2961 829 3006 ero.

116 3031 179 3092 Nee
193 3030 247 3098 tibi
262 3031 302 3091 de
314 3029 402 3090 Pario
418 3037 563 3104 statuam,
581 3030 774 3103 Germanice,
789 3031 934 3104 templum

157 3113 320 3175 Marmore.
347 3114 464 3189 sorpsit
477 3130 554 3189 opes
570 3114 622 3173 illa
635 3113 724 3175 ruina
737 3127 832 3175 meas.

116 3197 241 3277 Temple
256 3197 366 3263 domus
380 3195 471 3258 vobis
486 3197 598 3257 iaciant
615 3197 771 3272 urbesque
783 3195 901 3257 beatae.

156 3281 240 3343 Naso
255 3280 321 3343 suis
339 3279 466 3357 opibus,
481 3281 614 3341 carmine
629 3287 733 3356 gratus
748 3279 813 3341 erit

62 3375 100 3431 35
112 3365 214 3429 Parra
228 3363 352 3440 quidem
368 3365 466 3431 loteor
479 3380 536 3442 pro
552 3363 671 3441 magnis
687 3378 812 3425 munera
825 3362 922 3435 reddi,

162 3446 307 3523 cumpro
323 3464 476 3513 consessa
489 3447 587 3510 verba
599 3448 698 3510 solute
713 3447 832 3509 domus.
