<?xml version="1.0" encoding="UTF-8"?>
<!DOCTYPE html PUBLIC "-//W3C//DTD XHTML 1.0 Transitional//EN"
    "http://www.w3.org/TR/xhtml1/DTD/xhtml1-transitional.dtd">
<html xmlns="http://www.w3.org/1999/xhtml" xml:lang="en" lang="en">
 <head>
  <title>
</title>
<meta http-equiv="Content-Type" content="text/html;charset=utf-8" />
  <meta name='ocr-system' content='tesseract 3.04.00' />
  <meta name='ocr-capabilities' content='ocr_page ocr_carea ocr_par ocr_line ocrx_word'/>
</head>
<body>
  <div class='ocr_page' id='page_1' title='image "./povidiusnasoexr00merkgoog_0351.png"; bbox 0 0 2318 3960; ppageno 0'>
   <div class='ocr_carea' id='block_1_1' title="bbox 99 232 735 298">
    <p class='ocr_par' dir='ltr' id='par_1_1' title="bbox 99 232 735 298">
     <span class='ocr_line' id='line_1_1' title="bbox 99 232 735 298; baseline -0.009 0"><span class='ocrx_word' id='word_1_1' title='bbox 99 233 161 298; x_wconf 77' lang='lat'><strong>332</strong></span> <span class='ocrx_word' id='word_1_2' title='bbox 481 232 735 294; x_wconf 78' lang='lat' dir='ltr'><strong>Fasuoautu</strong></span> 
     </span>
    </p>
   </div>
   <div class='ocr_carea' id='block_1_2' title="bbox 110 387 1112 3567">
    <p class='ocr_par' dir='ltr' id='par_1_2' title="bbox 110 387 1112 3567">
     <span class='ocr_line' id='line_1_2' title="bbox 118 387 1024 462; baseline -0.004 -11"><span class='ocrx_word' id='word_1_3' title='bbox 118 394 170 451; x_wconf 71' lang='lat'><strong>59⁵</strong></span> <span class='ocrx_word' id='word_1_4' title='bbox 184 387 282 462; x_wconf 86' lang='lat' dir='ltr'><strong>Regia</strong></span> <span class='ocrx_word' id='word_1_5' title='bbox 295 401 347 447; x_wconf 89' lang='lat' dir='ltr'><strong>rcs</strong></span> <span class='ocrx_word' id='word_1_6' title='bbox 363 387 466 447; x_wconf 87' lang='lat' dir='ltr'><strong>scelus</strong></span> <span class='ocrx_word' id='word_1_7' title='bbox 480 392 545 448; x_wconf 86' lang='lat' dir='ltr'><strong>est!</strong></span> <span class='ocrx_word' id='word_1_8' title='bbox 575 401 685 447; x_wconf 89' lang='lat' dir='ltr'><strong>socero</strong></span> <span class='ocrx_word' id='word_1_9' title='bbox 701 401 779 461; x_wconf 87' lang='lat' dir='ltr'><strong>cape</strong></span> <span class='ocrx_word' id='word_1_10' title='bbox 792 401 888 460; x_wconf 84' lang='lat' dir='ltr'><strong>regna</strong></span> <span class='ocrx_word' id='word_1_11' title='bbox 902 388 1024 460; x_wconf 81' lang='lat' dir='ltr'><strong>necato,</strong></span> 
     </span>
     <span class='ocr_line' id='line_1_3' title="bbox 224 469 952 545; baseline -0.004 -15"><span class='ocrx_word' id='word_1_12' title='bbox 224 469 262 531; x_wconf 82' lang='lat' dir='ltr'><strong>Et</strong></span> <span class='ocrx_word' id='word_1_13' title='bbox 276 478 399 531; x_wconf 83' lang='lat' dir='ltr'><strong>nostras</strong></span> <span class='ocrx_word' id='word_1_14' title='bbox 415 471 514 545; x_wconf 88' lang='lat' dir='ltr'><strong>patrio</strong></span> <span class='ocrx_word' id='word_1_15' title='bbox 530 470 679 545; x_wconf 85' lang='lat' dir='ltr'><strong>sauguine</strong></span> <span class='ocrx_word' id='word_1_16' title='bbox 693 470 798 544; x_wconf 91' lang='lat' dir='ltr'><strong>tingue</strong></span> <span class='ocrx_word' id='word_1_17' title='bbox 812 485 920 530; x_wconf 90' lang='lat' dir='ltr'><strong>manus</strong></span> <span class='ocrx_word' id='word_1_18' title='bbox 930 472 952 527; x_wconf 71' lang='grc' dir='ltr'><strong>ε’</strong></span> 
     </span>
     <span class='ocr_line' id='line_1_4' title="bbox 181 553 847 630; baseline 0 -16"><span class='ocrx_word' id='word_1_19' title='bbox 181 553 304 615; x_wconf 83' lang='lat' dir='ltr'><strong>Talibus</strong></span> <span class='ocrx_word' id='word_1_20' title='bbox 319 555 480 616; x_wconf 90' lang='lat' dir='ltr'><strong>instinctus</strong></span> <span class='ocrx_word' id='word_1_21' title='bbox 495 554 574 615; x_wconf 88' lang='lat' dir='ltr'><strong>solio</strong></span> <span class='ocrx_word' id='word_1_22' title='bbox 589 555 726 630; x_wconf 83' lang='lat' dir='ltr'><strong>privatus</strong></span> <span class='ocrx_word' id='word_1_23' title='bbox 741 553 771 613; x_wconf 87' lang='lat' dir='ltr'><strong>i&#39;n</strong></span> <span class='ocrx_word' id='word_1_24' title='bbox 785 554 847 614; x_wconf 87' lang='lat' dir='ltr'><strong>alto</strong></span> 
     </span>
     <span class='ocr_line' id='line_1_5' title="bbox 225 637 921 713; baseline -0.007 -15"><span class='ocrx_word' id='word_1_25' title='bbox 225 637 364 699; x_wconf 80' lang='lat' dir='ltr'><strong>Sederat.</strong></span> <span class='ocrx_word' id='word_1_26' title='bbox 382 639 554 700; x_wconf 87' lang='lat' dir='ltr'><strong>attonitum</strong></span> <span class='ocrx_word' id='word_1_27' title='bbox 565 639 677 713; x_wconf 87' lang='lat' dir='ltr'><strong>volgus</strong></span> <span class='ocrx_word' id='word_1_28' title='bbox 692 637 732 696; x_wconf 88' lang='lat' dir='ltr'><strong>ad</strong></span> <span class='ocrx_word' id='word_1_29' title='bbox 748 652 833 697; x_wconf 91' lang='lat' dir='ltr'><strong>arma</strong></span> <span class='ocrx_word' id='word_1_30' title='bbox 845 637 921 698; x_wconf 80' lang='lat' dir='ltr'><strong>ruit=</strong></span> 
     </span>
     <span class='ocr_line' id='line_1_6' title="bbox 182 721 1072 796; baseline -0.006 -15"><span class='ocrx_word' id='word_1_31' title='bbox 182 722 259 782; x_wconf 87' lang='lat' dir='ltr'><strong>Hinc</strong></span> <span class='ocrx_word' id='word_1_32' title='bbox 274 738 385 796; x_wconf 89' lang='lat' dir='ltr'><strong>cruor,</strong></span> <span class='ocrx_word' id='word_1_33' title='bbox 395 722 467 782; x_wconf 88' lang='lat' dir='ltr'><strong>hinc</strong></span> <span class='ocrx_word' id='word_1_34' title='bbox 482 723 612 796; x_wconf 89' lang='lat' dir='ltr'><strong>caedes,</strong></span> <span class='ocrx_word' id='word_1_35' title='bbox 628 722 810 796; x_wconf 86' lang='lat' dir='ltr'><strong>infirmaque</strong></span> <span class='ocrx_word' id='word_1_36' title='bbox 823 721 956 782; x_wconf 84' lang='lat' dir='ltr'><strong>vincitur</strong></span> <span class='ocrx_word' id='word_1_37' title='bbox 969 726 1072 782; x_wconf 73' lang='lat' dir='ltr'><strong>aanor</strong></span> 
     </span>
     <span class='ocr_line' id='line_1_7' title="bbox 116 804 985 881; baseline 0.003 -18"><span class='ocrx_word' id='word_1_38' title='bbox 116 809 168 863; x_wconf 85' lang='lat'><strong>600</strong></span> <span class='ocrx_word' id='word_1_39' title='bbox 225 805 356 881; x_wconf 79' lang='lat' dir='ltr'>Sceptra</span> <span class='ocrx_word' id='word_1_40' title='bbox 369 822 464 881; x_wconf 89' lang='lat' dir='ltr'><strong>gener</strong></span> <span class='ocrx_word' id='word_1_41' title='bbox 479 821 590 866; x_wconf 91' lang='lat' dir='ltr'><strong>socero</strong></span> <span class='ocrx_word' id='word_1_42' title='bbox 604 813 692 881; x_wconf 85' lang='lat' dir='ltr'><strong>rapta</strong></span> <span class='ocrx_word' id='word_1_43' title='bbox 707 804 867 880; x_wconf 82' lang='lat' dir='ltr'><strong>Superbus</strong></span> <span class='ocrx_word' id='word_1_44' title='bbox 882 805 985 866; x_wconf 86' lang='lat' dir='ltr'><strong>habet</strong></span> 
     </span>
     <span class='ocr_line' id='line_1_8' title="bbox 180 889 960 965; baseline 0.004 -17"><span class='ocrx_word' id='word_1_45' title='bbox 180 890 252 965; x_wconf 89' lang='lat' dir='ltr'><strong>lpse</strong></span> <span class='ocrx_word' id='word_1_46' title='bbox 266 890 325 950; x_wconf 90' lang='lat' dir='ltr'><strong>sub</strong></span> <span class='ocrx_word' id='word_1_47' title='bbox 339 890 503 965; x_wconf 82' lang='lat' dir='ltr'><strong>Esquiliis,</strong></span> <span class='ocrx_word' id='word_1_48' title='bbox 517 889 570 950; x_wconf 91' lang='lat' dir='ltr'><strong>ubi</strong></span> <span class='ocrx_word' id='word_1_49' title='bbox 586 896 651 951; x_wconf 87' lang='lat' dir='ltr'><strong>erat</strong></span> <span class='ocrx_word' id='word_1_50' title='bbox 664 906 722 951; x_wconf 91' lang='lat' dir='ltr'><strong>sua</strong></span> <span class='ocrx_word' id='word_1_51' title='bbox 735 890 835 964; x_wconf 87' lang='lat' dir='ltr'><strong>regia,</strong></span> <span class='ocrx_word' id='word_1_52' title='bbox 850 905 960 954; x_wconf 87' lang='lat' dir='ltr'><strong>caesus</strong></span> 
     </span>
     <span class='ocr_line' id='line_1_9' title="bbox 224 972 884 1049; baseline -0.002 -16"><span class='ocrx_word' id='word_1_53' title='bbox 224 972 363 1036; x_wconf 84' lang='lat' dir='ltr'><strong>Concidit</strong></span> <span class='ocrx_word' id='word_1_54' title='bbox 377 974 406 1034; x_wconf 92' lang='lat' dir='ltr'><strong>in</strong></span> <span class='ocrx_word' id='word_1_55' title='bbox 422 975 500 1035; x_wconf 89' lang='lat' dir='ltr'><strong>dura</strong></span> <span class='ocrx_word' id='word_1_56' title='bbox 514 975 766 1049; x_wconf 77' lang='lat' dir='ltr'><strong>sanguinulentus</strong></span> <span class='ocrx_word' id='word_1_57' title='bbox 781 974 884 1033; x_wconf 88' lang='lat' dir='ltr'><strong>humo.</strong></span> 
     </span>
     <span class='ocr_line' id='line_1_10' title="bbox 179 1058 827 1135; baseline -0.002 -17"><span class='ocrx_word' id='word_1_58' title='bbox 179 1058 256 1118; x_wconf 85' lang='lat' dir='ltr'><strong>Filia</strong></span> <span class='ocrx_word' id='word_1_59' title='bbox 270 1064 416 1134; x_wconf 88' lang='lat' dir='ltr'><strong>carpento</strong></span> <span class='ocrx_word' id='word_1_60' title='bbox 431 1058 549 1135; x_wconf 85' lang='lat' dir='ltr'><strong>patrios</strong></span> <span class='ocrx_word' id='word_1_61' title='bbox 566 1058 675 1118; x_wconf 87' lang='lat' dir='ltr'><strong>initura</strong></span> <span class='ocrx_word' id='word_1_62' title='bbox 691 1065 827 1133; x_wconf 85' lang='lat' dir='ltr'><strong>penates,</strong></span> 
     </span>
     <span class='ocr_line' id='line_1_11' title="bbox 222 1142 824 1217; baseline -0.005 -15"><span class='ocrx_word' id='word_1_63' title='bbox 222 1143 289 1202; x_wconf 92' lang='lat' dir='ltr'><strong>lbat</strong></span> <span class='ocrx_word' id='word_1_64' title='bbox 304 1158 360 1217; x_wconf 91' lang='lat' dir='ltr'><strong>per</strong></span> <span class='ocrx_word' id='word_1_65' title='bbox 373 1143 491 1203; x_wconf 88' lang='lat' dir='ltr'><strong>medias</strong></span> <span class='ocrx_word' id='word_1_66' title='bbox 507 1143 568 1202; x_wconf 84' lang='lat' dir='ltr'><strong>alta</strong></span> <span class='ocrx_word' id='word_1_67' title='bbox 582 1143 732 1216; x_wconf 78' lang='lat' dir='ltr'><strong>feroxque</strong></span> <span class='ocrx_word' id='word_1_68' title='bbox 748 1142 824 1202; x_wconf 87' lang='lat' dir='ltr'><strong>vias.</strong></span> 
     </span>
     <span class='ocr_line' id='line_1_12' title="bbox 114 1220 916 1302; baseline 0.016 -30"><span class='ocrx_word' id='word_1_69' title='bbox 114 1220 165 1278; x_wconf 79' lang='lat'><strong>605</strong></span> <span class='ocrx_word' id='word_1_70' title='bbox 180 1225 300 1301; x_wconf 83' lang='lat' dir='ltr'><strong>Corpus</strong></span> <span class='ocrx_word' id='word_1_71' title='bbox 315 1233 347 1286; x_wconf 90' lang='lat' dir='ltr'><strong>ut</strong></span> <span class='ocrx_word' id='word_1_72' title='bbox 360 1226 496 1302; x_wconf 80' lang='lat' dir='ltr'><strong>aspexit,</strong></span> <span class='ocrx_word' id='word_1_73' title='bbox 511 1225 644 1286; x_wconf 81' lang='lat' dir='ltr'><strong>lacrimis</strong></span> <span class='ocrx_word' id='word_1_74' title='bbox 660 1227 766 1300; x_wconf 86' lang='lat' dir='ltr'><strong>auriga</strong></span> <span class='ocrx_word' id='word_1_75' title='bbox 780 1225 916 1300; x_wconf 79' lang='lat' dir='ltr'><strong>profusis</strong></span> 
     </span>
     <span class='ocr_line' id='line_1_13' title="bbox 221 1309 853 1385; baseline -0.008 -14"><span class='ocrx_word' id='word_1_76' title='bbox 221 1310 351 1371; x_wconf 87' lang='lat' dir='ltr'><strong>Restitit.</strong></span> <span class='ocrx_word' id='word_1_77' title='bbox 381 1311 463 1371; x_wconf 90' lang='lat' dir='ltr'><strong>hunc</strong></span> <span class='ocrx_word' id='word_1_78' title='bbox 478 1311 530 1370; x_wconf 90' lang='lat' dir='ltr'><strong>tali</strong></span> <span class='ocrx_word' id='word_1_79' title='bbox 549 1310 676 1385; x_wconf 89' lang='lat' dir='ltr'><strong>corripit</strong></span> <span class='ocrx_word' id='word_1_80' title='bbox 691 1309 742 1369; x_wconf 91' lang='lat' dir='ltr'><strong>illa</strong></span> <span class='ocrx_word' id='word_1_81' title='bbox 757 1323 853 1369; x_wconf 75' lang='lat' dir='ltr'><strong>sono:</strong></span> 
     </span>
     <span class='ocr_line' id='line_1_14' title="bbox 180 1393 981 1471; baseline 0.002 -19"><span class='ocrx_word' id='word_1_82' title='bbox 180 1394 308 1469; x_wconf 74' lang='lat' dir='ltr'><strong>‘Vadis,</strong></span> <span class='ocrx_word' id='word_1_83' title='bbox 324 1409 363 1455; x_wconf 91' lang='lat' dir='ltr'><strong>an</strong></span> <span class='ocrx_word' id='word_1_84' title='bbox 379 1402 526 1471; x_wconf 72' lang='lat' dir='ltr'><strong>expectas</strong></span> <span class='ocrx_word' id='word_1_85' title='bbox 543 1394 671 1470; x_wconf 90' lang='lat' dir='ltr'><strong>pretium</strong></span> <span class='ocrx_word' id='word_1_86' title='bbox 687 1393 808 1469; x_wconf 83' lang='lat' dir='ltr'><strong>pietatis</strong></span> <span class='ocrx_word' id='word_1_87' title='bbox 823 1400 981 1454; x_wconf 63' lang='lat' dir='ltr'><strong>amarum?</strong></span> 
     </span>
     <span class='ocr_line' id='line_1_15' title="bbox 221 1477 938 1553; baseline -0.003 -17"><span class='ocrx_word' id='word_1_88' title='bbox 221 1477 304 1550; x_wconf 86' lang='lat' dir='ltr'><strong>Duc,</strong></span> <span class='ocrx_word' id='word_1_89' title='bbox 321 1477 462 1553; x_wconf 90' lang='lat' dir='ltr'><strong>inquam,</strong></span> <span class='ocrx_word' id='word_1_90' title='bbox 477 1478 589 1538; x_wconf 87' lang='lat' dir='ltr'><strong>invitas</strong></span> <span class='ocrx_word' id='word_1_91' title='bbox 604 1478 674 1553; x_wconf 87' lang='lat' dir='ltr'><strong>ipsa</strong></span> <span class='ocrx_word' id='word_1_92' title='bbox 688 1492 810 1552; x_wconf 82' lang='lat' dir='ltr'><strong>perora</strong></span> <span class='ocrx_word' id='word_1_93' title='bbox 824 1481 938 1537; x_wconf 83' lang='lat' dir='ltr'><strong>rotast’</strong></span> 
     </span>
     <span class='ocr_line' id='line_1_16' title="bbox 181 1559 907 1623; baseline -0.003 -1"><span class='ocrx_word' id='word_1_94' title='bbox 181 1561 269 1622; x_wconf 84' lang='lat' dir='ltr'><strong>Certa</strong></span> <span class='ocrx_word' id='word_1_95' title='bbox 284 1562 364 1621; x_wconf 85' lang='lat' dir='ltr'><strong>fides</strong></span> <span class='ocrx_word' id='word_1_96' title='bbox 379 1563 460 1622; x_wconf 85' lang='lat' dir='ltr'><strong>facti.</strong></span> <span class='ocrx_word' id='word_1_97' title='bbox 490 1562 590 1623; x_wconf 89' lang='lat' dir='ltr'><strong>dictus</strong></span> <span class='ocrx_word' id='word_1_98' title='bbox 607 1561 782 1622; x_wconf 83' lang='lat' dir='ltr'><strong>Sceleratus</strong></span> <span class='ocrx_word' id='word_1_99' title='bbox 798 1559 837 1620; x_wconf 86' lang='lat' dir='ltr'><strong>ab</strong></span> <span class='ocrx_word' id='word_1_100' title='bbox 854 1561 907 1620; x_wconf 87' lang='lat' dir='ltr'><strong>illa</strong></span> 
     </span>
     <span class='ocr_line' id='line_1_17' title="bbox 116 1640 862 1721; baseline -0.001 -17"><span class='ocrx_word' id='word_1_101' title='bbox 116 1649 169 1704; x_wconf 83' lang='lat'><strong>610</strong></span> <span class='ocrx_word' id='word_1_102' title='bbox 224 1645 338 1718; x_wconf 90' lang='lat' dir='ltr'><strong>Vicus,</strong></span> <span class='ocrx_word' id='word_1_103' title='bbox 353 1652 385 1705; x_wconf 89' lang='lat' dir='ltr'><strong>et</strong></span> <span class='ocrx_word' id='word_1_104' title='bbox 397 1653 523 1706; x_wconf 89' lang='lat' dir='ltr'><strong>aeterna</strong></span> <span class='ocrx_word' id='word_1_105' title='bbox 536 1661 587 1706; x_wconf 90' lang='lat' dir='ltr'><strong>res</strong></span> <span class='ocrx_word' id='word_1_106' title='bbox 603 1640 640 1705; x_wconf 77' lang='lat' dir='ltr'><strong>ea</strong></span> <span class='ocrx_word' id='word_1_107' title='bbox 655 1660 766 1721; x_wconf 87' lang='lat' dir='ltr'><strong>pressa</strong></span> <span class='ocrx_word' id='word_1_108' title='bbox 779 1650 862 1704; x_wconf 87' lang='lat' dir='ltr'><strong>noto.</strong></span> 
     </span>
     <span class='ocr_line' id='line_1_18' title="bbox 178 1728 1112 1806; baseline 0.003 -18"><span class='ocrx_word' id='word_1_109' title='bbox 178 1728 253 1789; x_wconf 82' lang='lat' dir='ltr'><strong>Post</strong></span> <span class='ocrx_word' id='word_1_110' title='bbox 264 1735 366 1789; x_wconf 88' lang='lat' dir='ltr'><strong>tamen</strong></span> <span class='ocrx_word' id='word_1_111' title='bbox 376 1729 437 1790; x_wconf 91' lang='lat' dir='ltr'><strong>hoc</strong></span> <span class='ocrx_word' id='word_1_112' title='bbox 449 1746 525 1789; x_wconf 87' lang='lat' dir='ltr'><strong>ausa</strong></span> <span class='ocrx_word' id='word_1_113' title='bbox 538 1735 584 1793; x_wconf 73' lang='lat' dir='ltr'><strong>est</strong></span> <span class='ocrx_word' id='word_1_114' title='bbox 594 1730 749 1803; x_wconf 88' lang='lat' dir='ltr'><strong>templum,</strong></span> <span class='ocrx_word' id='word_1_115' title='bbox 769 1729 954 1789; x_wconf 87' lang='lat' dir='ltr'><strong>monimenta</strong></span> <span class='ocrx_word' id='word_1_116' title='bbox 966 1729 1112 1806; x_wconf 76' lang='lat' dir='ltr'><strong>parentis,</strong></span> 
     </span>
     <span class='ocr_line' id='line_1_19' title="bbox 219 1813 1034 1889; baseline 0.004 -18"><span class='ocrx_word' id='word_1_117' title='bbox 219 1813 367 1888; x_wconf 81' lang='lat' dir='ltr'><strong>Tangere.</strong></span> <span class='ocrx_word' id='word_1_118' title='bbox 395 1813 472 1872; x_wconf 89' lang='lat' dir='ltr'><strong>mira</strong></span> <span class='ocrx_word' id='word_1_119' title='bbox 488 1813 627 1889; x_wconf 86' lang='lat' dir='ltr'><strong>quidem,</strong></span> <span class='ocrx_word' id='word_1_120' title='bbox 643 1815 699 1873; x_wconf 93' lang='lat' dir='ltr'><strong>sed</strong></span> <span class='ocrx_word' id='word_1_121' title='bbox 716 1820 817 1873; x_wconf 89' lang='lat' dir='ltr'><strong>tamen</strong></span> <span class='ocrx_word' id='word_1_122' title='bbox 833 1819 901 1873; x_wconf 84' lang='lat' dir='ltr'><strong>acta</strong></span> <span class='ocrx_word' id='word_1_123' title='bbox 915 1813 1034 1887; x_wconf 87' lang='lat' dir='ltr'><strong>loquar.</strong></span> 
     </span>
     <span class='ocr_line' id='line_1_20' title="bbox 180 1895 1009 1972; baseline -0.001 -17"><span class='ocrx_word' id='word_1_124' title='bbox 180 1895 305 1971; x_wconf 84' lang='lat' dir='ltr'><strong>Signum</strong></span> <span class='ocrx_word' id='word_1_125' title='bbox 320 1905 386 1958; x_wconf 89' lang='lat' dir='ltr'><strong>erat</strong></span> <span class='ocrx_word' id='word_1_126' title='bbox 399 1898 429 1958; x_wconf 88' lang='lat' dir='ltr'><strong>in</strong></span> <span class='ocrx_word' id='word_1_127' title='bbox 445 1899 523 1958; x_wconf 87' lang='lat' dir='ltr'><strong>solio</strong></span> <span class='ocrx_word' id='word_1_128' title='bbox 539 1896 679 1957; x_wconf 88' lang='lat' dir='ltr'><strong>residens</strong></span> <span class='ocrx_word' id='word_1_129' title='bbox 695 1897 752 1958; x_wconf 89' lang='lat' dir='ltr'><strong>sub</strong></span> <span class='ocrx_word' id='word_1_130' title='bbox 768 1896 900 1972; x_wconf 84' lang='lat' dir='ltr'><strong>imagine</strong></span> <span class='ocrx_word' id='word_1_131' title='bbox 913 1896 1009 1958; x_wconf 66' lang='lat' dir='ltr'><strong>Tullia</strong></span> 
     </span>
     <span class='ocr_line' id='line_1_21' title="bbox 220 1980 876 2057; baseline 0.003 -19"><span class='ocrx_word' id='word_1_132' title='bbox 220 1980 337 2041; x_wconf 85' lang='lat' dir='ltr'><strong>Dicitur</strong></span> <span class='ocrx_word' id='word_1_133' title='bbox 350 1983 411 2042; x_wconf 91' lang='lat' dir='ltr'><strong>hoc</strong></span> <span class='ocrx_word' id='word_1_134' title='bbox 427 1984 525 2042; x_wconf 90' lang='lat' dir='ltr'><strong>oculis</strong></span> <span class='ocrx_word' id='word_1_135' title='bbox 541 1981 730 2057; x_wconf 86' lang='lat' dir='ltr'><strong>opposuisse</strong></span> <span class='ocrx_word' id='word_1_136' title='bbox 744 1998 876 2042; x_wconf 87' lang='lat' dir='ltr'><strong>manum.</strong></span> 
     </span>
     <span class='ocr_line' id='line_1_22' title="bbox 113 2063 954 2140; baseline 0.01 -23"><span class='ocrx_word' id='word_1_137' title='bbox 113 2063 164 2118; x_wconf 78' lang='lat'><strong>615</strong></span> <span class='ocrx_word' id='word_1_138' title='bbox 178 2063 216 2122; x_wconf 85' lang='lat' dir='ltr'><strong>Et</strong></span> <span class='ocrx_word' id='word_1_139' title='bbox 231 2081 295 2125; x_wconf 87' lang='lat' dir='ltr'><strong>vox</strong></span> <span class='ocrx_word' id='word_1_140' title='bbox 309 2065 413 2126; x_wconf 89' lang='lat' dir='ltr'><strong>audita</strong></span> <span class='ocrx_word' id='word_1_141' title='bbox 427 2074 475 2127; x_wconf 90' lang='lat' dir='ltr'><strong>est</strong></span> <span class='ocrx_word' id='word_1_142' title='bbox 488 2067 611 2127; x_wconf 74' lang='lat' dir='ltr'><strong>‘Voltus</strong></span> <span class='ocrx_word' id='word_1_143' title='bbox 626 2065 807 2126; x_wconf 82' lang='lat' dir='ltr'><strong>abscondite</strong></span> <span class='ocrx_word' id='word_1_144' title='bbox 820 2071 954 2140; x_wconf 87' lang='lat' dir='ltr'><strong>nostros,</strong></span> 
     </span>
     <span class='ocr_line' id='line_1_23' title="bbox 219 2148 855 2211; baseline 0 -3"><span class='ocrx_word' id='word_1_145' title='bbox 219 2148 264 2208; x_wconf 90' lang='lat' dir='ltr'><strong>Nc</strong></span> <span class='ocrx_word' id='word_1_146' title='bbox 278 2156 368 2209; x_wconf 88' lang='lat' dir='ltr'><strong>natae</strong></span> <span class='ocrx_word' id='word_1_147' title='bbox 386 2149 509 2210; x_wconf 89' lang='lat' dir='ltr'><strong>videant</strong></span> <span class='ocrx_word' id='word_1_148' title='bbox 524 2167 578 2211; x_wconf 82' lang='lat' dir='ltr'><strong>ora</strong></span> <span class='ocrx_word' id='word_1_149' title='bbox 593 2150 725 2210; x_wconf 75' lang='lat' dir='ltr'><strong>nefanda</strong></span> <span class='ocrx_word' id='word_1_150' title='bbox 739 2154 855 2210; x_wconf 82' lang='lat' dir='ltr'><strong>meaet’</strong></span> 
     </span>
     <span class='ocr_line' id='line_1_24' title="bbox 176 2232 995 2309; baseline 0.004 -18"><span class='ocrx_word' id='word_1_151' title='bbox 176 2232 274 2292; x_wconf 88' lang='lat' dir='ltr'><strong>Veste</strong></span> <span class='ocrx_word' id='word_1_152' title='bbox 288 2233 360 2293; x_wconf 88' lang='lat' dir='ltr'><strong>data</strong></span> <span class='ocrx_word' id='word_1_153' title='bbox 373 2234 493 2309; x_wconf 80' lang='lat' dir='ltr'><strong>tegittu.</strong></span> <span class='ocrx_word' id='word_1_154' title='bbox 521 2240 604 2295; x_wconf 87' lang='lat' dir='ltr'><strong>vetat</strong></span> <span class='ocrx_word' id='word_1_155' title='bbox 617 2234 696 2294; x_wconf 88' lang='lat' dir='ltr'><strong>hanc</strong></span> <span class='ocrx_word' id='word_1_156' title='bbox 709 2234 845 2295; x_wconf 81' lang='lat' dir='ltr'><strong>Fortuna</strong></span> <span class='ocrx_word' id='word_1_157' title='bbox 857 2234 995 2307; x_wconf 77' lang='lat' dir='ltr'><strong>moveri,</strong></span> 
     </span>
     <span class='ocr_line' id='line_1_25' title="bbox 216 2315 834 2392; baseline -0.002 -18"><span class='ocrx_word' id='word_1_158' title='bbox 216 2315 255 2375; x_wconf 83' lang='lat' dir='ltr'><strong>Et</strong></span> <span class='ocrx_word' id='word_1_159' title='bbox 269 2317 314 2376; x_wconf 92' lang='lat' dir='ltr'><strong>sic</strong></span> <span class='ocrx_word' id='word_1_160' title='bbox 330 2333 347 2374; x_wconf 90' lang='lat' dir='ltr'><strong>e</strong></span> <span class='ocrx_word' id='word_1_161' title='bbox 362 2320 476 2392; x_wconf 83' lang='lat' dir='ltr'><strong>templo</strong></span> <span class='ocrx_word' id='word_1_162' title='bbox 491 2324 539 2377; x_wconf 89' lang='lat' dir='ltr'><strong>est</strong></span> <span class='ocrx_word' id='word_1_163' title='bbox 553 2319 622 2392; x_wconf 87' lang='lat' dir='ltr'><strong>ipsa</strong></span> <span class='ocrx_word' id='word_1_164' title='bbox 637 2319 740 2379; x_wconf 91' lang='lat' dir='ltr'><strong>locuta</strong></span> <span class='ocrx_word' id='word_1_165' title='bbox 761 2333 834 2379; x_wconf 69' lang='lat' dir='ltr'><strong>suo:</strong></span> 
     </span>
     <span class='ocr_line' id='line_1_26' title="bbox 177 2397 836 2476; baseline 0.006 -19"><span class='ocrx_word' id='word_1_166' title='bbox 177 2397 250 2459; x_wconf 74' lang='lat' dir='ltr'><strong>‘Ore</strong></span> <span class='ocrx_word' id='word_1_167' title='bbox 264 2401 400 2460; x_wconf 88' lang='lat' dir='ltr'><strong>revelato</strong></span> <span class='ocrx_word' id='word_1_168' title='bbox 417 2417 478 2475; x_wconf 86' lang='lat' dir='ltr'><strong>qua</strong></span> <span class='ocrx_word' id='word_1_169' title='bbox 492 2402 621 2476; x_wconf 85' lang='lat' dir='ltr'><strong>primum</strong></span> <span class='ocrx_word' id='word_1_170' title='bbox 637 2402 704 2462; x_wconf 89' lang='lat' dir='ltr'><strong>luce</strong></span> <span class='ocrx_word' id='word_1_171' title='bbox 720 2401 836 2476; x_wconf 83' lang='lat' dir='ltr'><strong>patebit</strong></span> 
     </span>
     <span class='ocr_line' id='line_1_27' title="bbox 112 2481 918 2561; baseline 0 -15"><span class='ocrx_word' id='word_1_172' title='bbox 112 2491 164 2546; x_wconf 70' lang='lat'><strong>620</strong></span> <span class='ocrx_word' id='word_1_173' title='bbox 222 2481 366 2558; x_wconf 90' lang='lat' dir='ltr'><strong>Servius,</strong></span> <span class='ocrx_word' id='word_1_174' title='bbox 382 2483 459 2544; x_wconf 90' lang='lat' dir='ltr'><strong>haec</strong></span> <span class='ocrx_word' id='word_1_175' title='bbox 474 2485 568 2560; x_wconf 90' lang='lat' dir='ltr'><strong>positi</strong></span> <span class='ocrx_word' id='word_1_176' title='bbox 583 2487 681 2560; x_wconf 86' lang='lat' dir='ltr'><strong>prima</strong></span> <span class='ocrx_word' id='word_1_177' title='bbox 696 2485 825 2561; x_wconf 86' lang='lat' dir='ltr'><strong>pudoris</strong></span> <span class='ocrx_word' id='word_1_178' title='bbox 840 2485 918 2546; x_wconf 79' lang='lat' dir='ltr'><strong>erit’</strong></span> 
     </span>
     <span class='ocr_line' id='line_1_28' title="bbox 176 2563 1017 2644; baseline 0.005 -21"><span class='ocrx_word' id='word_1_179' title='bbox 176 2563 308 2642; x_wconf 85' lang='lat' dir='ltr'><strong>Parcite,</strong></span> <span class='ocrx_word' id='word_1_180' title='bbox 322 2574 495 2642; x_wconf 84' lang='lat' dir='ltr'><strong>matronae,</strong></span> <span class='ocrx_word' id='word_1_181' title='bbox 516 2570 626 2630; x_wconf 92' lang='lat' dir='ltr'><strong>vetitas</strong></span> <span class='ocrx_word' id='word_1_182' title='bbox 642 2570 788 2644; x_wconf 89' lang='lat' dir='ltr'><strong>attingere</strong></span> <span class='ocrx_word' id='word_1_183' title='bbox 802 2577 923 2630; x_wconf 78' lang='lat' dir='ltr'><strong>vestes=</strong></span> <span class='ocrx_word' id='word_1_184' title='bbox 1013 2610 1017 2617; x_wconf 81' lang='lat'><em>-</em></span> 
     </span>
     <span class='ocr_line' id='line_1_29' title="bbox 218 2649 893 2730; baseline -0.001 -20"><span class='ocrx_word' id='word_1_185' title='bbox 218 2649 364 2711; x_wconf 92' lang='lat' dir='ltr'><strong>Sollemni</strong></span> <span class='ocrx_word' id='word_1_186' title='bbox 385 2652 460 2713; x_wconf 87' lang='lat' dir='ltr'><strong>satis</strong></span> <span class='ocrx_word' id='word_1_187' title='bbox 476 2660 523 2713; x_wconf 86' lang='lat' dir='ltr'><strong>est</strong></span> <span class='ocrx_word' id='word_1_188' title='bbox 538 2669 615 2715; x_wconf 91' lang='lat' dir='ltr'><strong>voce</strong></span> <span class='ocrx_word' id='word_1_189' title='bbox 629 2668 754 2714; x_wconf 89' lang='lat' dir='ltr'><strong>movere</strong></span> <span class='ocrx_word' id='word_1_190' title='bbox 767 2669 893 2730; x_wconf 74' lang='lat' dir='ltr'><strong>preces:</strong></span> 
     </span>
     <span class='ocr_line' id='line_1_30' title="bbox 176 2732 927 2812; baseline 0.003 -18"><span class='ocrx_word' id='word_1_191' title='bbox 176 2732 281 2808; x_wconf 92' lang='lat' dir='ltr'><strong>Sitque</strong></span> <span class='ocrx_word' id='word_1_192' title='bbox 296 2742 388 2811; x_wconf 84' lang='lat' dir='ltr'><strong>caput</strong></span> <span class='ocrx_word' id='word_1_193' title='bbox 402 2752 526 2812; x_wconf 87' lang='lat' dir='ltr'><strong>semper</strong></span> <span class='ocrx_word' id='word_1_194' title='bbox 538 2739 678 2798; x_wconf 90' lang='lat' dir='ltr'><strong>Romano</strong></span> <span class='ocrx_word' id='word_1_195' title='bbox 695 2744 792 2798; x_wconf 89' lang='lat' dir='ltr'><strong>tectus</strong></span> <span class='ocrx_word' id='word_1_196' title='bbox 807 2736 927 2812; x_wconf 82' lang='lat' dir='ltr'><strong>amictu,</strong></span> 
     </span>
     <span class='ocr_line' id='line_1_31' title="bbox 218 2818 848 2898; baseline 0.006 -20"><span class='ocrx_word' id='word_1_197' title='bbox 218 2818 274 2892; x_wconf 82' lang='lat' dir='ltr'><strong>Qui</strong></span> <span class='ocrx_word' id='word_1_198' title='bbox 289 2835 345 2879; x_wconf 90' lang='lat' dir='ltr'><strong>rex</strong></span> <span class='ocrx_word' id='word_1_199' title='bbox 359 2820 388 2879; x_wconf 93' lang='lat' dir='ltr'><strong>in</strong></span> <span class='ocrx_word' id='word_1_200' title='bbox 406 2828 512 2881; x_wconf 86' lang='lat' dir='ltr'><strong>nostra</strong></span> <span class='ocrx_word' id='word_1_201' title='bbox 526 2823 673 2898; x_wconf 88' lang='lat' dir='ltr'><strong>septimus</strong></span> <span class='ocrx_word' id='word_1_202' title='bbox 688 2821 771 2882; x_wconf 89' lang='lat' dir='ltr'><strong>Urbe</strong></span> <span class='ocrx_word' id='word_1_203' title='bbox 784 2821 848 2882; x_wconf 84' lang='lat' dir='ltr'><strong>luit</strong></span> 
     </span>
     <span class='ocr_line' id='line_1_32' title="bbox 111 2903 998 2980; baseline 0.005 -18"><span class='ocrx_word' id='word_1_204' title='bbox 111 2917 161 2970; x_wconf 77' lang='lat'><strong>625</strong></span> <span class='ocrx_word' id='word_1_205' title='bbox 176 2904 304 2964; x_wconf 86' lang='lat' dir='ltr'><strong>Arserat</strong></span> <span class='ocrx_word' id='word_1_206' title='bbox 317 2903 377 2964; x_wconf 93' lang='lat' dir='ltr'><strong>hoc</strong></span> <span class='ocrx_word' id='word_1_207' title='bbox 390 2907 545 2980; x_wconf 83' lang='lat' dir='ltr'><strong>templum.</strong></span> <span class='ocrx_word' id='word_1_208' title='bbox 575 2907 664 2979; x_wconf 86' lang='lat' dir='ltr'><strong>signo</strong></span> <span class='ocrx_word' id='word_1_209' title='bbox 679 2913 779 2966; x_wconf 88' lang='lat' dir='ltr'><strong>tamen</strong></span> <span class='ocrx_word' id='word_1_210' title='bbox 794 2905 845 2965; x_wconf 90' lang='lat' dir='ltr'><strong>ille</strong></span> <span class='ocrx_word' id='word_1_211' title='bbox 860 2905 998 2980; x_wconf 82' lang='lat' dir='ltr'><strong>pepercit</strong></span> 
     </span>
     <span class='ocr_line' id='line_1_33' title="bbox 217 2987 858 3063; baseline 0.008 -19"><span class='ocrx_word' id='word_1_212' title='bbox 217 2987 310 3061; x_wconf 90' lang='lat' dir='ltr'><strong>Ignis.</strong></span> <span class='ocrx_word' id='word_1_213' title='bbox 342 3003 435 3063; x_wconf 90' lang='lat' dir='ltr'><strong>opem</strong></span> <span class='ocrx_word' id='word_1_214' title='bbox 451 2996 522 3049; x_wconf 85' lang='lat' dir='ltr'><strong>neto</strong></span> <span class='ocrx_word' id='word_1_215' title='bbox 538 2988 687 3050; x_wconf 89' lang='lat' dir='ltr'><strong>Mulciber</strong></span> <span class='ocrx_word' id='word_1_216' title='bbox 699 2989 768 3063; x_wconf 89' lang='lat' dir='ltr'><strong>ipsc</strong></span> <span class='ocrx_word' id='word_1_217' title='bbox 781 2988 858 3049; x_wconf 87' lang='lat' dir='ltr'><strong>tulit.</strong></span> 
     </span>
     <span class='ocr_line' id='line_1_34' title="bbox 174 3069 951 3147; baseline 0.005 -20"><span class='ocrx_word' id='word_1_218' title='bbox 174 3069 313 3146; x_wconf 89' lang='lat' dir='ltr'><strong>Namque</strong></span> <span class='ocrx_word' id='word_1_219' title='bbox 333 3080 420 3147; x_wconf 88' lang='lat' dir='ltr'><strong>pater</strong></span> <span class='ocrx_word' id='word_1_220' title='bbox 433 3073 510 3133; x_wconf 87' lang='lat' dir='ltr'><strong>Tulli</strong></span> <span class='ocrx_word' id='word_1_221' title='bbox 524 3074 696 3144; x_wconf 89' lang='lat' dir='ltr'><strong>Volcanus,</strong></span> <span class='ocrx_word' id='word_1_222' title='bbox 714 3070 841 3133; x_wconf 88' lang='lat' dir='ltr'><strong>Ocresia</strong></span> <span class='ocrx_word' id='word_1_223' title='bbox 853 3073 951 3133; x_wconf 83' lang='lat' dir='ltr'><strong>mater</strong></span> 
     </span>
     <span class='ocr_line' id='line_1_35' title="bbox 215 3153 774 3230; baseline 0 -18"><span class='ocrx_word' id='word_1_224' title='bbox 215 3153 388 3230; x_wconf 89' lang='lat' dir='ltr'><strong>Praesignis</strong></span> <span class='ocrx_word' id='word_1_225' title='bbox 404 3157 483 3216; x_wconf 88' lang='lat' dir='ltr'><strong>lacie</strong></span> <span class='ocrx_word' id='word_1_226' title='bbox 498 3157 699 3217; x_wconf 83' lang='lat' dir='ltr'><strong>Corniculana</strong></span> <span class='ocrx_word' id='word_1_227' title='bbox 710 3155 774 3216; x_wconf 84' lang='lat' dir='ltr'><strong>fuit.</strong></span> 
     </span>
     <span class='ocr_line' id='line_1_36' title="bbox 173 3236 985 3315; baseline 0.009 -18"><span class='ocrx_word' id='word_1_228' title='bbox 173 3236 260 3298; x_wconf 93' lang='lat' dir='ltr'><strong>Hanc</strong></span> <span class='ocrx_word' id='word_1_229' title='bbox 275 3253 378 3299; x_wconf 90' lang='lat' dir='ltr'><strong>secum</strong></span> <span class='ocrx_word' id='word_1_230' title='bbox 395 3240 559 3315; x_wconf 86' lang='lat' dir='ltr'><strong>Tanaquil,</strong></span> <span class='ocrx_word' id='word_1_231' title='bbox 572 3241 670 3302; x_wconf 87' lang='lat' dir='ltr'><strong>sacris</strong></span> <span class='ocrx_word' id='word_1_232' title='bbox 688 3240 728 3300; x_wconf 88' lang='lat' dir='ltr'><strong>de</strong></span> <span class='ocrx_word' id='word_1_233' title='bbox 741 3254 828 3300; x_wconf 87' lang='lat' dir='ltr'><strong>more</strong></span> <span class='ocrx_word' id='word_1_234' title='bbox 841 3241 985 3314; x_wconf 82' lang='lat' dir='ltr'><strong>peractis.</strong></span> 
     </span>
     <span class='ocr_line' id='line_1_37' title="bbox 110 3322 867 3386; baseline 0 -4"><span class='ocrx_word' id='word_1_235' title='bbox 110 3327 162 3382; x_wconf 77' lang='lat' dir='ltr'><strong>oto</strong></span> <span class='ocrx_word' id='word_1_236' title='bbox 218 3322 312 3383; x_wconf 92' lang='lat' dir='ltr'><strong>lussit</strong></span> <span class='ocrx_word' id='word_1_237' title='bbox 326 3322 356 3381; x_wconf 93' lang='lat' dir='ltr'><strong>in</strong></span> <span class='ocrx_word' id='word_1_238' title='bbox 370 3330 511 3385; x_wconf 85' lang='lat' dir='ltr'><strong>umatum</strong></span> <span class='ocrx_word' id='word_1_239' title='bbox 526 3325 656 3384; x_wconf 87' lang='lat' dir='ltr'><strong>fundere</strong></span> <span class='ocrx_word' id='word_1_240' title='bbox 669 3324 741 3384; x_wconf 87' lang='lat' dir='ltr'><strong>vina</strong></span> <span class='ocrx_word' id='word_1_241' title='bbox 755 3323 867 3386; x_wconf 84' lang='lat' dir='ltr'><strong>locum.</strong></span> 
     </span>
     <span class='ocr_line' id='line_1_38' title="bbox 173 3403 821 3469; baseline 0.005 -5"><span class='ocrx_word' id='word_1_242' title='bbox 173 3403 230 3465; x_wconf 75' lang='lat' dir='ltr'><strong>Hic</strong></span> <span class='ocrx_word' id='word_1_243' title='bbox 244 3405 322 3464; x_wconf 90' lang='lat' dir='ltr'><strong>inter</strong></span> <span class='ocrx_word' id='word_1_244' title='bbox 336 3407 456 3469; x_wconf 90' lang='lat' dir='ltr'><strong>cineres</strong></span> <span class='ocrx_word' id='word_1_245' title='bbox 472 3408 598 3469; x_wconf 89' lang='lat' dir='ltr'><strong>obsceni</strong></span> <span class='ocrx_word' id='word_1_246' title='bbox 613 3409 711 3468; x_wconf 81' lang='lat' dir='ltr'><strong>torma</strong></span> <span class='ocrx_word' id='word_1_247' title='bbox 725 3407 821 3469; x_wconf 89' lang='lat' dir='ltr'><strong>virilis</strong></span> 
     </span>
     <span class='ocr_line' id='line_1_39' title="bbox 216 3489 926 3567; baseline 0.006 -19"><span class='ocrx_word' id='word_1_248' title='bbox 216 3489 276 3549; x_wconf 78' lang='lat' dir='ltr'><strong>Aut</strong></span> <span class='ocrx_word' id='word_1_249' title='bbox 292 3489 360 3564; x_wconf 85' lang='lat' dir='ltr'><strong>luit,</strong></span> <span class='ocrx_word' id='word_1_250' title='bbox 376 3499 429 3553; x_wconf 91' lang='lat' dir='ltr'><strong>aut</strong></span> <span class='ocrx_word' id='word_1_251' title='bbox 442 3492 512 3553; x_wconf 87' lang='lat' dir='ltr'><strong>visa</strong></span> <span class='ocrx_word' id='word_1_252' title='bbox 526 3499 582 3553; x_wconf 87' lang='lat' dir='ltr'><strong>est.</strong></span> <span class='ocrx_word' id='word_1_253' title='bbox 614 3494 670 3552; x_wconf 90' lang='lat' dir='ltr'><strong>sed</strong></span> <span class='ocrx_word' id='word_1_254' title='bbox 685 3491 740 3551; x_wconf 82' lang='lat' dir='ltr'><strong>tuit</strong></span> <span class='ocrx_word' id='word_1_255' title='bbox 754 3491 805 3552; x_wconf 88' lang='lat' dir='ltr'><strong>illa</strong></span> <span class='ocrx_word' id='word_1_256' title='bbox 819 3491 926 3567; x_wconf 80' lang='lat' dir='ltr'><strong>magia</strong></span> 
     </span>
    </p>
   </div>
   <div class='ocr_carea' id='block_1_3' title="bbox 0 0 1164 3960">
    <p class='ocr_par' dir='ltr' id='par_1_3' title="bbox 0 0 1164 3960">
     <span class='ocr_line' id='line_1_40' title="bbox 0 0 1164 3960; baseline 0 2"><span class='ocrx_word' id='word_1_257' title='bbox 0 0 1164 3960; x_wconf 95' lang='lat' dir='ltr'><strong> </strong></span> 
     </span>
    </p>
   </div>
  </div>
 </body>
</html>
