2318 3960
93 193 154 256 lto
488 192 546 253 EX
572 190 717 253 PONTO

122 345 163 437 6.
219 376 471 438 annuento.-
521 445 527 452 ,

175 473 310 585 Ecquid,
334 519 366 571 ut
380 509 527 571 audisti...
543 525 613 569 nam
628 518 657 570 te
673 510 797 569 diversa
811 507 936 574 tenebat

214 597 341 655 Terra...
358 609 443 654 meos
458 610 560 666 casua,
584 608 638 653 cor
652 593 705 653 tibi
719 593 805 653 triste
820 593 896 654 luitt

173 678 355 739 Dissimules
370 685 551 752 metuasque
565 677 643 750 licet,
667 677 824 751 Graccine,
847 677 952 738 lateris

215 761 247 822 Si
262 760 342 821 bene
357 768 385 820 te
400 761 482 834 novi,
503 762 588 821 triste
603 761 700 821 fuisse
715 761 819 837 liquet

145 846 237 910 aNon
254 845 336 904 cadit
349 844 379 904 in
395 860 496 904 mores
511 846 614 905 leritus
630 844 799 904 inamabilis
814 845 900 917 istos,

213 929 276 988 Nec
290 929 389 988 minus
407 944 426 987 a
440 929 549 989 studiis
565 928 695 987 dissidet
709 928 760 988 illo
774 928 844 988 tuis.

172 1011 297 1072 Artibus
311 1012 460 1088 ingenuis,
481 1028 608 1087 quarum
623 1012 676 1071 tibi
690 1011 823 1071 maxima
837 1027 911 1072 cura
926 1020 983 1087 est,

212 1096 340 1157 Pectora
353 1096 536 1159 mollescunt
549 1095 763 1172 asperitasque
779 1096 863 1169 iugit.

171 1179 234 1239 Nec
248 1180 412 1255 quisquam
426 1179 552 1241 meliore
566 1181 629 1240 lide
646 1179 856 1255 complectitur
871 1180 948 1252 illus,

131 1273 164 1327 ιο
216 1263 282 1338 Qua
295 1264 366 1323 sinit
383 1263 515 1324 officium
532 1263 717 1339 militiaeque
731 1261 828 1322 labor.

172 1348 258 1409 Certe
271 1363 329 1422 ego
345 1363 415 1407 curn
430 1347 558 1422 primum
576 1347 660 1422 potui
675 1347 788 1407 sentire
804 1347 878 1421 quid
892 1361 1044 1424 essem...

210 1431 285 1490 Nam
301 1431 355 1490 luit
369 1431 495 1491 attonito
510 1446 597 1490 mens
612 1430 685 1489 mihi
701 1431 783 1490 nulla
797 1431 886 1490 diu...

169 1514 236 1575 Hoc
251 1530 376 1589 quoque
391 1515 542 1574 fortunam
556 1514 649 1588 sensi,
670 1514 754 1591 quod
768 1515 884 1574 amicus
899 1513 1041 1590 abesses,

212 1598 267 1672 Qui
281 1597 353 1656 mihi
367 1597 554 1674 praesidium
568 1597 686 1672 grande
700 1598 817 1658 iuturus
833 1613 912 1659 erus.

128 1692 161 1745 15
172 1683 285 1741 Tecum
299 1688 370 1742 tuuc
385 1681 511 1741 aberant
524 1697 635 1756 aegrae
650 1682 766 1742 solacia
780 1683 900 1756 mentia,

210 1766 384 1840 Magnaque
397 1781 470 1840 pars
486 1764 577 1824 animi
593 1765 776 1840 consiliique
789 1765 858 1826 mei.

169 1850 210 1909 At
227 1864 323 1922 nunc,
343 1849 427 1924 quod
448 1855 606 1923 superest,
630 1851 676 1908 fer
697 1864 804 1924 opem,
833 1864 958 1924 precor,
986 1849 1108 1911 eminus

208 1933 417 2008 alloquioque
432 1933 503 1992 iuva
517 1939 644 2008 pectora
658 1940 763 1992 nostra
776 1939 839 2008 tuo,
990 1934 1107 2012 [unam

169 2017 261 2092 Quae,
282 2032 343 2075 non
360 2016 498 2075 mendaci
514 2017 540 2074 si
557 2016 720 2090 quicquam
735 2016 836 2076 credis
851 2015 959 2093 amico,

125 2106 160 2160 to
213 2098 310 2160 Stulta
324 2101 422 2174 magis
437 2099 507 2173 dici,
530 2115 622 2173 quam
637 2101 796 2175 scelerata,
818 2101 916 2160 decet.

167 2184 229 2243 Nec
242 2184 346 2256 breve,
368 2198 425 2242 nec
439 2189 543 2256 tutum,
564 2182 682 2257 pcccati
700 2199 779 2258 quae
794 2183 833 2243 sit
848 2183 944 2258 origo,

101 2298 104 2303 ·
209 2266 358 2326 Scribere.
392 2267 513 2325 tracturi
527 2267 655 2325 vulnera
669 2273 775 2326 nostra
790 2267 903 2326 timent.

169 2350 387 2424 Qualicumque
405 2349 497 2410 modo
513 2350 584 2408 milri
601 2350 661 2409 sint
675 2365 713 2410 ca
726 2351 815 2422 lacta,
833 2365 944 2425 rogare

208 2432 331 2493 Desine.
362 2449 423 2492 non
439 2433 545 2507 agites,
566 2435 658 2507 siquo
673 2433 756 2506 coire
770 2435 856 2494 velis.

127 2529 160 2580 25
172 2515 323 2592 Quicquid
338 2516 369 2575 id
386 2523 443 2589 ost,
458 2523 565 2576 utnon
581 2518 709 2591 lacinus,
725 2518 770 2576 sic
785 2519 876 2593 culpa
889 2519 1032 2579 vocanda
1047 2527 1106 2580 est.

209 2600 313 2660 Omnis
328 2616 367 2660 an
383 2599 413 2659 in
428 2616 556 2675 magnos
572 2602 664 2676 culpa
680 2602 757 2662 deos
773 2603 876 2663 seclus
891 2609 960 2663 estt

168 2685 248 2760 Spes
263 2685 353 2760 igitur
367 2685 458 2744 menti
473 2700 601 2760 poenae,
624 2684 781 2759 Graecine,
804 2686 956 2746 levandae

206 2767 273 2828 Non
288 2776 336 2830 cst
350 2785 389 2828 ex
403 2775 466 2828 toto
482 2769 564 2828 nulla
578 2769 684 2828 relicta
698 2784 795 2829 meae.

166 2853 249 2912 Haec
264 2853 332 2927 dea,
354 2868 422 2912 cum
437 2852 576 2926 lugerent
591 2855 756 2913 sceleratas
773 2854 896 2913 numina
910 2859 1018 2926 terras,

115 2943 150 2997 30
204 2938 237 2996 ln
253 2937 301 2997 dis
316 2938 417 2997 invisa
430 2937 499 2996 sola
513 2937 658 2997 remansit
671 2936 775 2996 humo.

164 3020 248 3080 Haec
263 3021 342 3097 lacit,
361 3028 395 3081 ut
408 3021 492 3080 vivat
507 3021 611 3080 lossor
626 3035 750 3095 quoque
765 3019 917 3096 compede
932 3020 1064 3096 vinctus,

205 3104 376 3181 Liberaque
391 3105 504 3165 alerro
520 3119 609 3164 crura
624 3104 723 3164 lutura
737 3110 830 3179 putet.

164 3186 248 3246 Haec
262 3188 342 3263 lacit,
361 3195 403 3264 ut,
425 3187 528 3249 videat
542 3203 610 3248 cum
625 3195 721 3247 terras
736 3189 871 3263 undique
885 3186 995 3264 nullas,

201 3271 373 3347 Naufragus
388 3272 417 3331 in
432 3273 542 3332 mediis
556 3270 683 3331 brachia
696 3271 787 3333 iactet
801 3271 902 3349 aquis.

116 3362 150 3415 35
166 3352 267 3429 Saepe
282 3356 415 3430 aliquem
429 3357 538 3417 sollers
553 3354 741 3416 medicorum
757 3372 830 3416 cura
842 3354 974 3430 reliquit,

204 3438 267 3498 Nec
281 3455 355 3514 spes
371 3439 440 3499 huic
455 3456 534 3500 vena
549 3438 710 3500 deficiente
726 3440 816 3502 cadit.
