2318 3960
372 175 432 252 lv,
452 172 489 252 5,
510 177 629 252 tlt-7,
653 179 702 243 ll.

116 333 192 392 Cum
207 329 260 391 tibi
274 335 422 406 suscepta
437 337 485 391 est
498 332 575 406 legis
590 331 725 392 vindicta
739 347 877 406 severae,

131 465 142 480 .
160 412 266 476 Verba
278 415 501 475 veluttinetum
515 416 637 490 singula
649 416 735 477 virus
750 415 872 476 habent.

71 507 103 561 35
121 497 269 560 Hostibus
284 499 418 572 eventa,
435 514 527 574 quam
543 500 587 561 sis
601 499 755 560 violentus
770 500 801 559 in
816 499 918 572 armis,

162 581 282 643 Sentire
295 588 325 641 et
339 582 461 656 linguae
474 585 534 643 tela
549 583 652 644 subire
665 590 746 644 tuae.

120 668 204 740 Quae
219 665 272 725 tibi
287 672 348 726 lam
362 668 446 726 tenui
461 682 535 726 eura
549 667 708 740 limantur,
724 674 758 727 ut
772 672 879 728 omnes

159 749 250 811 Istius
265 750 419 825 ingenium
435 752 575 826 eorporis
591 767 662 812 esse
676 758 796 826 negent.

119 839 161 896 At
174 833 202 894 si
218 849 308 908 quem
324 833 405 893 laedi
420 834 543 894 fortuna
558 835 657 896 cernis
672 836 787 910 iniqua,
850 905 852 910 ,

71 935 100 986 lo
158 917 280 978 Mollior
295 925 343 978 est
359 918 460 978 animo
475 919 587 978 lemine
601 920 685 979 nulla
697 926 759 978 tuo.

118 1005 184 1062 Hoe
199 1017 257 1076 ego
275 1002 558 1078 praecipuesensi,
574 1019 643 1063 eum
657 1018 769 1077 magna
784 1017 922 1062 meorum

156 1084 297 1147 Notitiam
313 1101 386 1160 pars
403 1094 451 1146 est
463 1087 592 1148 infitiata
606 1087 676 1146 mei.

118 1174 270 1231 lnmemor
283 1169 419 1242 illorum,
435 1171 530 1231 vestri
544 1188 606 1232 non
621 1171 771 1230 inmemor
782 1184 936 1244 umquam,

160 1253 217 1329 Qui
232 1254 313 1312 mala
327 1253 449 1314 solliciti
463 1263 571 1316 nostra
585 1256 726 1325 levastis,
743 1268 806 1314 ero.

71 1351 100 1403 lt
115 1340 153 1399 Et
168 1337 254 1414 prius
267 1336 317 1396 hie
332 1336 422 1397 nobis
436 1338 562 1399 nimium
577 1338 783 1398 conterminus
797 1336 900 1396 Hister

162 1424 196 1482 ln
210 1427 303 1496 eaput
315 1421 437 1483 Euxino
453 1422 493 1481 de
507 1439 592 1484 mare
605 1429 703 1482 vertet
716 1422 780 1494 iter,

117 1507 218 1583 thue
232 1504 406 1583 Thpesteae
420 1506 548 1567 redeant
562 1508 589 1568 si
602 1515 743 1580 tempora
756 1519 890 1576 mensae,

160 1590 243 1651 Solis
258 1589 299 1649 ad
314 1604 391 1649 eoas
406 1605 512 1652 numus
528 1599 636 1666 agetur
649 1605 756 1665 eques,
801 1611 802 1615 ยน

118 1675 214 1749 Quam
229 1672 392 1747 quisquam
406 1681 556 1749 vestrum,
580 1676 631 1750 qui
646 1673 695 1734 me
709 1673 848 1752 doluistis
864 1671 1045 1747 ademptum,

71 1770 101 1821 'su
156 1765 275 1832 Arguat
288 1756 438 1831 ingratum
452 1774 514 1819 non
532 1758 708 1819 meminisse
722 1758 779 1818 sui.
818 1757 822 1762 '

448 1901 644 1912 -.-.-.-ฮน

71 1943 102 2037 l.
153 1971 367 2037 nosram.

120 2058 243 2156 Missus
259 2111 294 2156 es
308 2095 446 2156 Euxinas
463 2095 623 2171 quoniam,
639 2095 789 2169 Vestalis,
805 2093 970 2163 anundus,

156 2180 198 2241 Ut
211 2179 320 2255 positis
335 2180 450 2240 reddas
466 2180 533 2240 iura
547 2180 605 2241 sub
621 2193 680 2239 exe
694 2179 780 2253 loeis,

111 2263 238 2338 Aspicis
253 2279 292 2323 en
309 2278 474 2339 praesens,
492 2264 574 2337 quali
588 2263 742 2325 iaceamus
758 2263 788 2322 in
804 2276 888 2332 arvo,

154 2348 218 2407 Neo
232 2348 381 2407 molestis
398 2347 459 2407 eris
474 2348 553 2408 lalsa
567 2349 668 2409 solere
684 2348 780 2422 queri.

82 2443 99 2494 5
113 2431 251 2492 Accedet
264 2432 334 2491 vooi
349 2438 448 2506 perte
463 2447 523 2491 non
539 2432 623 2492 irrita
637 2439 770 2506 nostrae,

157 2515 278 2590 Alpinis
294 2515 414 2576 iuvenis
429 2515 553 2589 regibus
569 2523 649 2590 orte,
665 2515 753 2576 fides.

117 2598 189 2674 lpse
202 2599 291 2659 vides
307 2606 389 2658 eerte
403 2600 502 2674 glaeie
516 2614 718 2660 eoneresaere
733 2600 870 2660 Pontum.

158 2683 231 2757 lpse
245 2683 334 2743 vides
348 2683 447 2758 rigido
464 2684 576 2743 stantia
589 2683 662 2742 vina
675 2683 754 2757 gelu.

116 2767 191 2841 lpse
205 2766 309 2840 vides,
326 2775 452 2828 onerata
467 2769 555 2827 ferox
569 2773 602 2826 ut
617 2767 709 2827 ducat
723 2767 819 2844 Iazyx

71 2861 101 2912 lo
155 2849 213 2910 Per
226 2851 345 2911 medias
360 2851 454 2911 Histri
469 2852 608 2926 plaustra
621 2849 771 2911 bubulcus
787 2866 895 2924 aquas.

114 2933 241 3008 Aspicis
256 2940 285 2994 et
300 2935 374 2995 mitti
389 2934 447 2994 sub
463 2936 584 2996 adunco
599 2934 701 2994 toxica
716 2936 805 3006 ferro,

156 3017 194 3076 Et
207 3019 300 3078 telum
315 3034 425 3080 causas
440 3019 545 3080 mortis
562 3018 675 3078 habere
689 3018 776 3078 duas.

113 3101 217 3176 Atque
231 3102 347 3164 utinam
359 3119 432 3178 pars
447 3103 525 3163 haee
540 3109 656 3163 tantmn
671 3107 810 3176 spectata
824 3097 941 3168 luisset,

152 3184 220 3246 Non
235 3186 326 3247 etiam
342 3185 468 3262 proprio
485 3186 608 3262 cognita
621 3186 718 3246 lllarte
732 3184 800 3246 tibi!

71 3275 99 3327 15
113 3267 251 3330 Tendisti
266 3271 306 3330 ad
321 3271 451 3346 primum
468 3286 523 3347 per
536 3272 632 3331 densa
646 3269 783 3345 pericula
797 3265 900 3345 piloni,

154 3349 286 3428 Conligit
300 3369 339 3412 ex
353 3351 461 3438 merito
478 3351 531 3430 qni
544 3351 599 3414 tibl
613 3369 711 3428 nuper
723 3353 831 3414 honor.

112 3434 244 3497 Sit'licet
257 3435 308 3496 hio
324 3433 427 3497 tilmus
443 3435 543 3513 plonls
558 3436 613 3498 tibi
629 3435 778 3498 lruetibus
793 3433 913 3510 ingens,
