2318 3960
386 220 443 295 Ill,
466 219 502 296 9,
524 214 645 296 9-10,
666 222 696 284 6.
1008 217 1051 287 40

153 377 249 448 inque
265 369 349 433 Getis
364 371 471 434 Gratas
488 373 675 434 constituere
690 372 823 433 domest

72 468 89 520 5
107 455 273 517 Seductus
288 456 359 516 huic
374 467 495 530 nomen,
512 458 709 532 positumque
724 455 877 532 antiquius
892 458 976 530 urbe,

155 540 281 600 Constat
293 539 332 599 ab
346 540 475 618 Absyrti
490 542 585 601 caede
601 540 698 601 luisse
715 541 794 600 loco.

111 624 187 683 Nam
202 629 275 696 rate,
291 638 371 699 quae
387 631 461 684 cura
475 625 625 700 pugnacis
640 624 720 684 lacta
733 623 889 686 Minervae

151 707 209 765 Per
224 723 287 768 non
302 713 462 782 temptatas
476 709 574 784 prima
588 707 721 768 cucunit
734 717 842 783 aquas,

110 791 208 865 Impia
222 792 377 852 desertum
393 792 514 866 [lugiens
528 792 639 853 Medea
653 796 809 867 parentem

61 882 96 932 10
152 874 267 935 Dicitur
281 874 329 935 his
344 881 449 936 remos
463 876 652 951 applicuisse
666 873 764 935 vadis.

113 957 209 1030 Quem
223 961 332 1033 procul
345 965 380 1018 ut
392 960 468 1019 vidit
482 960 597 1020 tumulo
613 960 789 1034 speculator
803 959 841 1019 ab
857 961 927 1034 altq

155 1042 312 1117 ‘Hospes’
329 1043 370 1104 ait
383 1045 493 1104 ‘nosco
509 1043 653 1103 colchide
666 1043 737 1102 vela
751 1043 860 1118 sequi!

113 1125 191 1184 Dum
208 1127 360 1200 trepidant
371 1126 506 1205 Minyae,
523 1126 595 1187 dum
610 1123 739 1188 solvitur
753 1131 866 1201 aggere
877 1127 971 1199 luitis,

155 1209 233 1268 Dum
248 1210 387 1284 sequitur
402 1213 518 1271 celeres
535 1223 650 1271 ancora
666 1214 761 1270 tracta
774 1216 892 1282 manus,

63 1304 94 1354 15
111 1291 241 1352 Conscia
255 1295 407 1368 percussit
421 1295 596 1355 meritorum
613 1299 738 1368 pectora
753 1291 875 1352 colchis

152 1377 240 1437 Ausa
255 1383 348 1453 atque
362 1385 476 1438 ausura
489 1380 582 1437 multa
597 1376 729 1436 nefanda
741 1383 850 1435 *mantia

111 1459 157 1532 ut,
175 1476 361 1536 quamquam
375 1468 519 1537 superest
534 1461 642 1536 ingens
657 1459 787 1520 audacia
801 1461 901 1533 menti,

150 1542 252 1604 Pallor
265 1544 296 1604 in
311 1545 457 1606 attonitae
467 1544 594 1620 virginis
610 1552 664 1604 ore
678 1543 779 1604 sedet·

111 1625 194 1702 Ergo
209 1628 261 1688 ubi
276 1626 438 1705 prospexit
451 1629 604 1688 venientia
617 1630 695 1703 vela,
711 1629 881 1699 ‘Tenemus

56 1716 92 1766 ao
144 1711 183 1770 lit
196 1715 283 1786 pater
296 1712 462 1789 osteliqua
476 1711 583 1773 iraude
598 1711 775 1772 morandus’
791 1710 841 1771 ait.

112 1795 189 1854 Dum
205 1795 278 1869 qaid
293 1802 371 1870 agal,
389 1797 516 1872 quaerit,
532 1797 604 1857 dum
618 1802 723 1856 versat
736 1795 767 1855 iri
782 1795 884 1855 omnia
898 1795 1015 1870 antus,

152 1879 202 1938 Ad
216 1878 340 1940 fratrem
355 1887 431 1940 casu
444 1881 559 1940 lntninu
572 1880 656 1940 llerta
672 1879 748 1940 tulit.

113 1959 205 2022 Cuius
220 1970 253 2021 ut
267 1963 369 2024 oblata
383 1971 432 2025 est
446 1964 628 2038 praeseutia,
644 1962 807 2023 ‘Vicimus’
823 1963 935 2039 inqult=

152 2045 219 2104 ‘Hic
234 2044 307 2106 mihi
322 2053 419 2108 morte
434 2061 492 2108 sua
507 2061 602 2108 causa
616 2046 724 2107 solutis
740 2046 818 2106 'erit’

60 2140 96 2192 πὸ
111 2128 251 2189 Protinus
265 2129 362 2204 ignari
376 2146 434 2191 nec
450 2130 614 2207 quicquam
628 2131 689 2190 tale
703 2129 835 2190 timentis

152 2213 320 2274 Innocuum
334 2215 433 2289 rigido
451 2216 586 2290 perforat
600 2215 675 2274 ens‘e
690 2215 778 2287 latus,

112 2296 214 2371 Atque
229 2298 269 2358 ita
283 2299 406 2371 divellit,
423 2299 606 2373 divulsaque
621 2297 756 2357 membra
771 2303 827 2373 per
842 2306 933 2371 agros

154 2380 292 2457 Dissipat
309 2383 338 2441 iu
357 2383 458 2443 multis
473 2381 656 2442 invenienda
670 2380 758 2442 locis.

111 2462 177 2524 Neu
191 2470 278 2540 pater
292 2466 419 2542 ignoret,
436 2467 565 2541 scopulo
580 2464 725 2541 proponit
739 2464 768 2524 in
781 2466 841 2526 alto

58 2552 95 2605 30
148 2548 362 2625 Pallentesque
376 2565 484 2610 manus
500 2549 765 2624 sanguineumque
780 2555 885 2623 caput:

111 2632 150 2692 Ut
166 2631 284 2706 genitor
296 2635 442 2708 luctuque
457 2649 538 2694 novo
553 2633 689 2694 tardetur
703 2638 742 2706 et,
757 2639 840 2692 artus

152 2716 230 2776 Dum
244 2717 317 2791 legit
330 2718 490 2791 extinctos,
507 2715 592 2777 triste
606 2716 740 2776 retardet
754 2717 819 2776 iter.

110 2799 186 2859 inde
199 2801 301 2861 Tomis
317 2801 417 2861 dictus
433 2802 520 2861 locus
535 2799 595 2874 hic,
612 2800 683 2876 quia
699 2800 792 2860 lertur
806 2800 836 2859 ln
850 2799 902 2858 illo

152 2881 290 2943 Menibra
304 2898 394 2945 soror
410 2884 510 2944 fratris
526 2883 727 2944 consecuisse
742 2885 799 2944 sui.

434 2987 642 3006 ---b-...

30 3012 97 3111 ¹0·
110 3012 220 3126 Siquis
236 3050 336 3112 adhuc
351 3051 420 3112 istic
434 3052 568 3112 meminit
580 3047 713 3111 Nasonis
729 3043 871 3123 adempti,

154 3136 193 3195 Et
208 3141 352 3211 superest
366 3135 434 3195 sine
448 3143 498 3195 me
512 3148 623 3196 nomen
639 3135 669 3193 in
684 3132 766 3193 Urbe
781 3143 890 3204 meum,

112 3218 313 3295 Suppositmn
327 3219 423 3280 stellis
438 3227 605 3293 numquam
621 3214 813 3292 tangentibus
828 3229 946 3291 aequor

153 3302 204 3363 Me
219 3304 298 3363 sciat
311 3303 341 3362 in
355 3303 457 3363 madia
470 3302 575 3362 vivere
588 3299 738 3361 barbarie.

78 3395 95 3447 a
111 3382 313 3448 Sauromatae
328 3388 460 3462 cingunt,
477 3387 542 3446 iera
556 3400 642 3461 gens,
657 3384 813 3460 Bessique
825 3385 989 3459 seneque,

155 3469 250 3544 Quam
265 3486 327 3532 neu
342 3471 464 3546 ingenio
479 3470 604 3531 nomina
618 3469 710 3545 digna
724 3475 809 3529 meo!

69 3569 153 3615 ovio.
175 3553 225 3617 ΠΙ.
825 3559 844 3615 l
