<?xml version="1.0" encoding="UTF-8"?>
<!DOCTYPE html PUBLIC "-//W3C//DTD XHTML 1.0 Transitional//EN"
    "http://www.w3.org/TR/xhtml1/DTD/xhtml1-transitional.dtd">
<html xmlns="http://www.w3.org/1999/xhtml" xml:lang="en" lang="en">
 <head>
  <title>
</title>
<meta http-equiv="Content-Type" content="text/html;charset=utf-8" />
  <meta name='ocr-system' content='tesseract 3.04.00' />
  <meta name='ocr-capabilities' content='ocr_page ocr_carea ocr_par ocr_line ocrx_word'/>
</head>
<body>
  <div class='ocr_page' id='page_1' title='image "./povidiusnasoexr00merkgoog_0125.png"; bbox 0 0 2318 3960; ppageno 0'>
   <div class='ocr_carea' id='block_1_1' title="bbox 99 199 679 266">
    <p class='ocr_par' dir='ltr' id='par_1_1' title="bbox 99 199 679 266">
     <span class='ocr_line' id='line_1_1' title="bbox 99 199 679 266; baseline -0.009 -2"><span class='ocrx_word' id='word_1_1' title='bbox 99 200 162 266; x_wconf 79' lang='lat'><strong>108</strong></span> <span class='ocrx_word' id='word_1_2' title='bbox 534 199 679 262; x_wconf 83' lang='lat' dir='ltr'><strong>lBlDIS</strong></span> 
     </span>
    </p>
   </div>
   <div class='ocr_carea' id='block_1_2' title="bbox 103 352 1102 3098">
    <p class='ocr_par' dir='ltr' id='par_1_2' title="bbox 103 352 1102 3098">
     <span class='ocr_line' id='line_1_2' title="bbox 115 352 850 417; baseline -0.005 -1"><span class='ocrx_word' id='word_1_3' title='bbox 115 365 169 417; x_wconf 78' lang='lat'><strong>450</strong></span> <span class='ocrx_word' id='word_1_4' title='bbox 225 352 320 414; x_wconf 93' lang='lat' dir='ltr'><strong>Cuius</strong></span> <span class='ocrx_word' id='word_1_5' title='bbox 337 352 375 413; x_wconf 89' lang='lat' dir='ltr'><strong>ab</strong></span> <span class='ocrx_word' id='word_1_6' title='bbox 391 353 506 414; x_wconf 83' lang='lat' dir='ltr'><strong>inferiis</strong></span> <span class='ocrx_word' id='word_1_7' title='bbox 523 355 618 415; x_wconf 87' lang='lat' dir='ltr'><strong>culter</strong></span> <span class='ocrx_word' id='word_1_8' title='bbox 632 352 746 413; x_wconf 88' lang='lat' dir='ltr'><strong>abesse</strong></span> <span class='ocrx_word' id='word_1_9' title='bbox 761 352 850 413; x_wconf 90' lang='lat' dir='ltr'><strong>solet.</strong></span> 
     </span>
     <span class='ocr_line' id='line_1_3' title="bbox 178 435 934 512; baseline -0.001 -15"><span class='ocrx_word' id='word_1_10' title='bbox 178 436 398 510; x_wconf 74' lang='lat' dir='ltr'><strong>Attonitusque</strong></span> <span class='ocrx_word' id='word_1_11' title='bbox 412 453 517 510; x_wconf 91' lang='lat' dir='ltr'><strong>seces,</strong></span> <span class='ocrx_word' id='word_1_12' title='bbox 533 444 568 498; x_wconf 93' lang='lat' dir='ltr'><strong>ut</strong></span> <span class='ocrx_word' id='word_1_13' title='bbox 582 452 662 511; x_wconf 91' lang='lat' dir='ltr'><strong>quos</strong></span> <span class='ocrx_word' id='word_1_14' title='bbox 679 435 823 512; x_wconf 85' lang='lat' dir='ltr'><strong>Cybeleia</strong></span> <span class='ocrx_word' id='word_1_15' title='bbox 836 441 934 496; x_wconf 78' lang='lat' dir='ltr'><strong>mater</strong></span> 
     </span>
     <span class='ocr_line' id='line_1_4' title="bbox 221 519 943 599; baseline 0 -21"><span class='ocrx_word' id='word_1_16' title='bbox 221 520 343 593; x_wconf 79' lang='lat' dir='ltr'><strong>Incitat,</strong></span> <span class='ocrx_word' id='word_1_17' title='bbox 361 521 401 580; x_wconf 89' lang='lat' dir='ltr'><strong>ad</strong></span> <span class='ocrx_word' id='word_1_18' title='bbox 415 521 568 599; x_wconf 77' lang='lat' dir='ltr'><strong>Phrygios</strong></span> <span class='ocrx_word' id='word_1_19' title='bbox 583 520 656 580; x_wconf 86' lang='lat' dir='ltr'><strong>vilia</strong></span> <span class='ocrx_word' id='word_1_20' title='bbox 669 519 806 579; x_wconf 90' lang='lat' dir='ltr'><strong>membra</strong></span> <span class='ocrx_word' id='word_1_21' title='bbox 820 520 943 580; x_wconf 86' lang='lat' dir='ltr'><strong>modos.</strong></span> 
     </span>
     <span class='ocr_line' id='line_1_5' title="bbox 178 603 956 680; baseline -0.003 -16"><span class='ocrx_word' id='word_1_22' title='bbox 178 604 287 677; x_wconf 80' lang='lat' dir='ltr'><strong>Deque</strong></span> <span class='ocrx_word' id='word_1_23' title='bbox 302 605 369 664; x_wconf 92' lang='lat' dir='ltr'><strong>viro</strong></span> <span class='ocrx_word' id='word_1_24' title='bbox 385 604 444 664; x_wconf 89' lang='lat' dir='ltr'><strong>fias</strong></span> <span class='ocrx_word' id='word_1_25' title='bbox 458 619 516 664; x_wconf 90' lang='lat' dir='ltr'><strong>nec</strong></span> <span class='ocrx_word' id='word_1_26' title='bbox 530 604 643 662; x_wconf 87' lang='lat' dir='ltr'><strong>femina</strong></span> <span class='ocrx_word' id='word_1_27' title='bbox 656 618 714 663; x_wconf 89' lang='lat' dir='ltr'><strong>nec</strong></span> <span class='ocrx_word' id='word_1_28' title='bbox 730 603 790 676; x_wconf 94' lang='lat' dir='ltr'><strong>vir,</strong></span> <span class='ocrx_word' id='word_1_29' title='bbox 806 609 840 663; x_wconf 92' lang='lat' dir='ltr'><strong>ut</strong></span> <span class='ocrx_word' id='word_1_30' title='bbox 852 604 956 680; x_wconf 76' lang='lat' dir='ltr'><strong>Attps,</strong></span> 
     </span>
     <span class='ocr_line' id='line_1_6' title="bbox 219 687 879 766; baseline -0.005 -20"><span class='ocrx_word' id='word_1_31' title='bbox 219 687 258 746; x_wconf 84' lang='lat' dir='ltr'><strong>Et</strong></span> <span class='ocrx_word' id='word_1_32' title='bbox 273 687 394 761; x_wconf 82' lang='lat' dir='ltr'><strong>quatias</strong></span> <span class='ocrx_word' id='word_1_33' title='bbox 409 688 493 748; x_wconf 91' lang='lat' dir='ltr'><strong>molli</strong></span> <span class='ocrx_word' id='word_1_34' title='bbox 508 695 656 766; x_wconf 82' lang='lat' dir='ltr'><strong>tympana</strong></span> <span class='ocrx_word' id='word_1_35' title='bbox 669 702 764 749; x_wconf 89' lang='lat' dir='ltr'><strong>rauca</strong></span> <span class='ocrx_word' id='word_1_36' title='bbox 779 703 879 747; x_wconf 90' lang='lat' dir='ltr'><strong>manu.</strong></span> 
     </span>
     <span class='ocr_line' id='line_1_7' title="bbox 114 770 949 846; baseline -0.004 -13"><span class='ocrx_word' id='word_1_37' title='bbox 114 779 166 833; x_wconf 79' lang='lat'><strong>455</strong></span> <span class='ocrx_word' id='word_1_38' title='bbox 181 770 278 844; x_wconf 88' lang='lat' dir='ltr'><strong>Inque</strong></span> <span class='ocrx_word' id='word_1_39' title='bbox 293 785 392 846; x_wconf 90' lang='lat' dir='ltr'><strong>pecus</strong></span> <span class='ocrx_word' id='word_1_40' title='bbox 406 770 508 832; x_wconf 91' lang='lat' dir='ltr'><strong>subito</strong></span> <span class='ocrx_word' id='word_1_41' title='bbox 524 772 654 845; x_wconf 83' lang='lat' dir='ltr'><strong>Magnae</strong></span> <span class='ocrx_word' id='word_1_42' title='bbox 669 777 789 830; x_wconf 80' lang='lat' dir='ltr'><strong>vertare</strong></span> <span class='ocrx_word' id='word_1_43' title='bbox 804 770 949 846; x_wconf 76' lang='lat' dir='ltr'><strong>parentia,</strong></span> 
     </span>
     <span class='ocr_line' id='line_1_8' title="bbox 218 852 910 930; baseline 0.003 -20"><span class='ocrx_word' id='word_1_44' title='bbox 218 852 326 913; x_wconf 82' lang='lat' dir='ltr'><strong>Victor</strong></span> <span class='ocrx_word' id='word_1_45' title='bbox 340 860 373 914; x_wconf 90' lang='lat' dir='ltr'><strong>ut</strong></span> <span class='ocrx_word' id='word_1_46' title='bbox 388 861 434 914; x_wconf 88' lang='lat' dir='ltr'><strong>est</strong></span> <span class='ocrx_word' id='word_1_47' title='bbox 450 855 542 915; x_wconf 87' lang='lat' dir='ltr'><strong>celeri</strong></span> <span class='ocrx_word' id='word_1_48' title='bbox 559 855 699 930; x_wconf 89' lang='lat' dir='ltr'><strong>victaque</strong></span> <span class='ocrx_word' id='word_1_49' title='bbox 714 869 805 913; x_wconf 91' lang='lat' dir='ltr'><strong>versa</strong></span> <span class='ocrx_word' id='word_1_50' title='bbox 819 852 910 928; x_wconf 92' lang='lat' dir='ltr'><strong>pede.</strong></span> 
     </span>
     <span class='ocr_line' id='line_1_9' title="bbox 177 936 913 1013; baseline -0.003 -17"><span class='ocrx_word' id='word_1_51' title='bbox 177 936 315 1010; x_wconf 86' lang='lat' dir='ltr'><strong>Solaque</strong></span> <span class='ocrx_word' id='word_1_52' title='bbox 328 937 456 998; x_wconf 91' lang='lat' dir='ltr'><strong>Limone</strong></span> <span class='ocrx_word' id='word_1_53' title='bbox 470 954 604 1013; x_wconf 88' lang='lat' dir='ltr'><strong>poenam</strong></span> <span class='ocrx_word' id='word_1_54' title='bbox 618 951 657 995; x_wconf 91' lang='lat' dir='ltr'><strong>ne</strong></span> <span class='ocrx_word' id='word_1_55' title='bbox 673 938 806 998; x_wconf 86' lang='lat' dir='ltr'><strong>senserit</strong></span> <span class='ocrx_word' id='word_1_56' title='bbox 821 937 913 1011; x_wconf 87' lang='lat' dir='ltr'><strong>illam,</strong></span> 
     </span>
     <span class='ocr_line' id='line_1_10' title="bbox 217 1020 895 1096; baseline 0 -18"><span class='ocrx_word' id='word_1_57' title='bbox 217 1020 256 1079; x_wconf 87' lang='lat' dir='ltr'><strong>Et</strong></span> <span class='ocrx_word' id='word_1_58' title='bbox 267 1025 321 1080; x_wconf 91' lang='lat' dir='ltr'><strong>tua</strong></span> <span class='ocrx_word' id='word_1_59' title='bbox 335 1021 425 1082; x_wconf 90' lang='lat' dir='ltr'><strong>dente</strong></span> <span class='ocrx_word' id='word_1_60' title='bbox 441 1022 506 1082; x_wconf 87' lang='lat' dir='ltr'><strong>iero</strong></span> <span class='ocrx_word' id='word_1_61' title='bbox 527 1020 648 1081; x_wconf 85' lang='lat' dir='ltr'><strong>viscera</strong></span> <span class='ocrx_word' id='word_1_62' title='bbox 663 1028 769 1096; x_wconf 90' lang='lat' dir='ltr'><strong>carpat</strong></span> <span class='ocrx_word' id='word_1_63' title='bbox 783 1036 895 1094; x_wconf 84' lang='lat' dir='ltr'><strong>equus.</strong></span> 
     </span>
     <span class='ocr_line' id='line_1_11' title="bbox 177 1103 921 1179; baseline 0.001 -17"><span class='ocrx_word' id='word_1_64' title='bbox 177 1103 237 1162; x_wconf 86' lang='lat' dir='ltr'><strong>Aut</strong></span> <span class='ocrx_word' id='word_1_65' title='bbox 250 1109 284 1165; x_wconf 90' lang='lat' dir='ltr'><strong>ut</strong></span> <span class='ocrx_word' id='word_1_66' title='bbox 299 1103 511 1179; x_wconf 86' lang='lat' dir='ltr'><strong>Casandreus,</strong></span> <span class='ocrx_word' id='word_1_67' title='bbox 527 1105 652 1165; x_wconf 89' lang='lat' dir='ltr'><strong>domino</strong></span> <span class='ocrx_word' id='word_1_68' title='bbox 668 1119 730 1164; x_wconf 92' lang='lat' dir='ltr'><strong>non</strong></span> <span class='ocrx_word' id='word_1_69' title='bbox 744 1104 845 1165; x_wconf 88' lang='lat' dir='ltr'><strong>mitior</strong></span> <span class='ocrx_word' id='word_1_70' title='bbox 858 1104 921 1178; x_wconf 93' lang='lat' dir='ltr'><strong>illo,</strong></span> 
     </span>
     <span class='ocr_line' id='line_1_12' title="bbox 113 1185 839 1263; baseline -0.006 -15"><span class='ocrx_word' id='word_1_71' title='bbox 113 1193 166 1248; x_wconf 77' lang='lat'><strong>460</strong></span> <span class='ocrx_word' id='word_1_72' title='bbox 223 1185 355 1248; x_wconf 81' lang='lat' dir='ltr'><strong>Saucius</strong></span> <span class='ocrx_word' id='word_1_73' title='bbox 371 1188 492 1263; x_wconf 80' lang='lat' dir='ltr'><strong>ingesta</strong></span> <span class='ocrx_word' id='word_1_74' title='bbox 503 1187 722 1250; x_wconf 88' lang='lat' dir='ltr'><strong>contumuleris</strong></span> <span class='ocrx_word' id='word_1_75' title='bbox 736 1187 839 1248; x_wconf 89' lang='lat' dir='ltr'><strong>humo.</strong></span> 
     </span>
     <span class='ocr_line' id='line_1_13' title="bbox 175 1270 913 1346; baseline 0 -16"><span class='ocrx_word' id='word_1_76' title='bbox 175 1270 237 1330; x_wconf 82' lang='lat' dir='ltr'><strong>Aut</strong></span> <span class='ocrx_word' id='word_1_77' title='bbox 251 1278 284 1331; x_wconf 91' lang='lat' dir='ltr'><strong>ut</strong></span> <span class='ocrx_word' id='word_1_78' title='bbox 297 1270 503 1345; x_wconf 88' lang='lat' dir='ltr'><strong>Abantiades,</strong></span> <span class='ocrx_word' id='word_1_79' title='bbox 519 1280 572 1333; x_wconf 90' lang='lat' dir='ltr'><strong>aut</strong></span> <span class='ocrx_word' id='word_1_80' title='bbox 590 1277 624 1332; x_wconf 88' lang='lat' dir='ltr'><strong>ut</strong></span> <span class='ocrx_word' id='word_1_81' title='bbox 639 1270 794 1346; x_wconf 83' lang='lat' dir='ltr'><strong>Cygneius</strong></span> <span class='ocrx_word' id='word_1_82' title='bbox 809 1271 913 1344; x_wconf 89' lang='lat' dir='ltr'><strong>heros,</strong></span> 
     </span>
     <span class='ocr_line' id='line_1_14' title="bbox 218 1354 934 1430; baseline 0 -17"><span class='ocrx_word' id='word_1_83' title='bbox 218 1354 348 1416; x_wconf 91' lang='lat' dir='ltr'><strong>Clausus</strong></span> <span class='ocrx_word' id='word_1_84' title='bbox 363 1355 394 1415; x_wconf 92' lang='lat' dir='ltr'><strong>in</strong></span> <span class='ocrx_word' id='word_1_85' title='bbox 408 1371 583 1430; x_wconf 85' lang='lat' dir='ltr'><strong>aequoreas</strong></span> <span class='ocrx_word' id='word_1_86' title='bbox 597 1354 810 1430; x_wconf 89' lang='lat' dir='ltr'><strong>praecipiteris</strong></span> <span class='ocrx_word' id='word_1_87' title='bbox 825 1370 934 1429; x_wconf 89' lang='lat' dir='ltr'><strong>aquas.</strong></span> 
     </span>
     <span class='ocr_line' id='line_1_15' title="bbox 175 1437 942 1510; baseline 0.001 -14"><span class='ocrx_word' id='word_1_88' title='bbox 175 1438 307 1498; x_wconf 88' lang='lat' dir='ltr'><strong>Victima</strong></span> <span class='ocrx_word' id='word_1_89' title='bbox 325 1438 373 1497; x_wconf 90' lang='lat' dir='ltr'><strong>vel</strong></span> <span class='ocrx_word' id='word_1_90' title='bbox 387 1437 513 1499; x_wconf 85' lang='lat' dir='ltr'><strong>Phoebo</strong></span> <span class='ocrx_word' id='word_1_91' title='bbox 529 1454 635 1499; x_wconf 89' lang='lat' dir='ltr'><strong>sacras</strong></span> <span class='ocrx_word' id='word_1_92' title='bbox 650 1438 792 1498; x_wconf 87' lang='lat' dir='ltr'><strong>macteris</strong></span> <span class='ocrx_word' id='word_1_93' title='bbox 807 1437 847 1498; x_wconf 90' lang='lat' dir='ltr'><strong>ad</strong></span> <span class='ocrx_word' id='word_1_94' title='bbox 862 1453 942 1510; x_wconf 84' lang='lat' dir='ltr'><strong>aras,</strong></span> 
     </span>
     <span class='ocr_line' id='line_1_16' title="bbox 215 1519 969 1593; baseline 0 -11"><span class='ocrx_word' id='word_1_95' title='bbox 215 1519 312 1593; x_wconf 80' lang='lat' dir='ltr'><strong>Quam</strong></span> <span class='ocrx_word' id='word_1_96' title='bbox 327 1521 394 1581; x_wconf 90' lang='lat' dir='ltr'><strong>tulit</strong></span> <span class='ocrx_word' id='word_1_97' title='bbox 408 1539 427 1580; x_wconf 92' lang='lat' dir='ltr'><strong>a</strong></span> <span class='ocrx_word' id='word_1_98' title='bbox 442 1537 537 1582; x_wconf 90' lang='lat' dir='ltr'><strong>saevo</strong></span> <span class='ocrx_word' id='word_1_99' title='bbox 552 1522 731 1585; x_wconf 89' lang='lat' dir='ltr'><strong>Theudotus</strong></span> <span class='ocrx_word' id='word_1_100' title='bbox 746 1522 837 1583; x_wconf 89' lang='lat' dir='ltr'><strong>hoste</strong></span> <span class='ocrx_word' id='word_1_101' title='bbox 850 1535 969 1582; x_wconf 86' lang='lat' dir='ltr'><strong>necem.</strong></span> 
     </span>
     <span class='ocr_line' id='line_1_17' title="bbox 110 1604 836 1677; baseline 0.003 -14"><span class='ocrx_word' id='word_1_102' title='bbox 110 1619 161 1674; x_wconf 73' lang='lat'><strong>405</strong></span> <span class='ocrx_word' id='word_1_103' title='bbox 176 1605 238 1663; x_wconf 82' lang='lat' dir='ltr'><strong>Aut</strong></span> <span class='ocrx_word' id='word_1_104' title='bbox 253 1610 282 1664; x_wconf 90' lang='lat' dir='ltr'><strong>te</strong></span> <span class='ocrx_word' id='word_1_105' title='bbox 298 1604 451 1665; x_wconf 86' lang='lat' dir='ltr'><strong>devoveat</strong></span> <span class='ocrx_word' id='word_1_106' title='bbox 466 1606 556 1664; x_wconf 88' lang='lat' dir='ltr'><strong>certis</strong></span> <span class='ocrx_word' id='word_1_107' title='bbox 571 1604 697 1665; x_wconf 82' lang='lat' dir='ltr'><strong>Abdera</strong></span> <span class='ocrx_word' id='word_1_108' title='bbox 715 1605 836 1677; x_wconf 89' lang='lat' dir='ltr'><strong>diebus,</strong></span> 
     </span>
     <span class='ocr_line' id='line_1_18' title="bbox 220 1685 925 1764; baseline -0.004 -17"><span class='ocrx_word' id='word_1_109' title='bbox 220 1685 366 1762; x_wconf 84' lang='lat' dir='ltr'><strong>Saxaque</strong></span> <span class='ocrx_word' id='word_1_110' title='bbox 381 1688 529 1749; x_wconf 90' lang='lat' dir='ltr'><strong>devotum</strong></span> <span class='ocrx_word' id='word_1_111' title='bbox 543 1688 691 1764; x_wconf 81' lang='lat' dir='ltr'><strong>grandine</strong></span> <span class='ocrx_word' id='word_1_112' title='bbox 706 1690 796 1764; x_wconf 88' lang='lat' dir='ltr'><strong>plura</strong></span> <span class='ocrx_word' id='word_1_113' title='bbox 810 1693 925 1762; x_wconf 90' lang='lat' dir='ltr'><strong>petant.</strong></span> 
     </span>
     <span class='ocr_line' id='line_1_19' title="bbox 174 1769 814 1845; baseline 0.005 -16"><span class='ocrx_word' id='word_1_114' title='bbox 174 1771 237 1831; x_wconf 85' lang='lat' dir='ltr'><strong>Aut</strong></span> <span class='ocrx_word' id='word_1_115' title='bbox 252 1769 336 1831; x_wconf 89' lang='lat' dir='ltr'><strong>lovis</strong></span> <span class='ocrx_word' id='word_1_116' title='bbox 355 1771 458 1832; x_wconf 80' lang='lat' dir='ltr'><strong>infesti</strong></span> <span class='ocrx_word' id='word_1_117' title='bbox 473 1773 535 1832; x_wconf 90' lang='lat' dir='ltr'><strong>telo</strong></span> <span class='ocrx_word' id='word_1_118' title='bbox 551 1773 663 1832; x_wconf 78' lang='lat' dir='ltr'><strong>feriare</strong></span> <span class='ocrx_word' id='word_1_119' title='bbox 676 1773 814 1845; x_wconf 89' lang='lat' dir='ltr'><strong>trisulco,</strong></span> 
     </span>
     <span class='ocr_line' id='line_1_20' title="bbox 213 1851 910 1931; baseline -0.003 -17"><span class='ocrx_word' id='word_1_120' title='bbox 213 1854 254 1914; x_wconf 87' lang='lat' dir='ltr'><strong>Ut</strong></span> <span class='ocrx_word' id='word_1_121' title='bbox 268 1860 354 1917; x_wconf 89' lang='lat' dir='ltr'><strong>satus</strong></span> <span class='ocrx_word' id='word_1_122' title='bbox 368 1851 552 1931; x_wconf 89' lang='lat' dir='ltr'><strong>Hipponoo,</strong></span> <span class='ocrx_word' id='word_1_123' title='bbox 568 1855 799 1931; x_wconf 76' lang='lat' dir='ltr'><strong>Dosithoesque</strong></span> <span class='ocrx_word' id='word_1_124' title='bbox 813 1861 910 1929; x_wconf 90' lang='lat' dir='ltr'><strong>pater.</strong></span> 
     </span>
     <span class='ocr_line' id='line_1_21' title="bbox 172 1936 964 2014; baseline 0 -18"><span class='ocrx_word' id='word_1_125' title='bbox 172 1936 212 1996; x_wconf 87' lang='lat' dir='ltr'><strong>Ut</strong></span> <span class='ocrx_word' id='word_1_126' title='bbox 226 1953 316 1998; x_wconf 89' lang='lat' dir='ltr'><strong>soror</strong></span> <span class='ocrx_word' id='word_1_127' title='bbox 328 1939 506 2014; x_wconf 79' lang='lat' dir='ltr'><strong>Autonoes,</strong></span> <span class='ocrx_word' id='word_1_128' title='bbox 521 1945 555 2000; x_wconf 90' lang='lat' dir='ltr'><strong>ut</strong></span> <span class='ocrx_word' id='word_1_129' title='bbox 569 1939 618 1998; x_wconf 91' lang='lat' dir='ltr'><strong>cui</strong></span> <span class='ocrx_word' id='word_1_130' title='bbox 632 1946 794 1999; x_wconf 88' lang='lat' dir='ltr'><strong>matertera</strong></span> <span class='ocrx_word' id='word_1_131' title='bbox 808 1938 888 1998; x_wconf 87' lang='lat' dir='ltr'><strong>Maia</strong></span> <span class='ocrx_word' id='word_1_132' title='bbox 903 1945 964 1998; x_wconf 86' lang='lat' dir='ltr'><strong>est=</strong></span> 
     </span>
     <span class='ocr_line' id='line_1_22' title="bbox 109 2020 910 2098; baseline -0.007 -15"><span class='ocrx_word' id='word_1_133' title='bbox 109 2029 162 2085; x_wconf 82' lang='lat'><strong>470</strong></span> <span class='ocrx_word' id='word_1_134' title='bbox 217 2020 257 2081; x_wconf 88' lang='lat' dir='ltr'><strong>Ut</strong></span> <span class='ocrx_word' id='word_1_135' title='bbox 270 2025 385 2080; x_wconf 90' lang='lat' dir='ltr'><strong>temere</strong></span> <span class='ocrx_word' id='word_1_136' title='bbox 400 2030 524 2098; x_wconf 80' lang='lat' dir='ltr'><strong>optatur</strong></span> <span class='ocrx_word' id='word_1_137' title='bbox 540 2023 593 2096; x_wconf 93' lang='lat' dir='ltr'><strong>qui</strong></span> <span class='ocrx_word' id='word_1_138' title='bbox 608 2023 687 2081; x_wconf 91' lang='lat' dir='ltr'><strong>male</strong></span> <span class='ocrx_word' id='word_1_139' title='bbox 701 2022 780 2082; x_wconf 89' lang='lat' dir='ltr'><strong>rexit</strong></span> <span class='ocrx_word' id='word_1_140' title='bbox 794 2036 910 2096; x_wconf 74' lang='lat' dir='ltr'><strong>equos:</strong></span> 
     </span>
     <span class='ocr_line' id='line_1_23' title="bbox 173 2104 945 2180; baseline -0.001 -17"><span class='ocrx_word' id='word_1_141' title='bbox 173 2104 213 2163; x_wconf 93' lang='lat' dir='ltr'><strong>Ut</strong></span> <span class='ocrx_word' id='word_1_142' title='bbox 227 2105 311 2166; x_wconf 84' lang='lat' dir='ltr'><strong>ierus</strong></span> <span class='ocrx_word' id='word_1_143' title='bbox 325 2106 493 2178; x_wconf 87' lang='lat' dir='ltr'><strong>Aeolides,</strong></span> <span class='ocrx_word' id='word_1_144' title='bbox 507 2111 542 2165; x_wconf 91' lang='lat' dir='ltr'><strong>ut</strong></span> <span class='ocrx_word' id='word_1_145' title='bbox 555 2105 705 2180; x_wconf 83' lang='lat' dir='ltr'><strong>sanguine</strong></span> <span class='ocrx_word' id='word_1_146' title='bbox 720 2112 809 2165; x_wconf 89' lang='lat' dir='ltr'><strong>natus</strong></span> <span class='ocrx_word' id='word_1_147' title='bbox 825 2105 945 2178; x_wconf 90' lang='lat' dir='ltr'><strong>eodem,</strong></span> 
     </span>
     <span class='ocr_line' id='line_1_24' title="bbox 213 2186 1040 2263; baseline 0 -16"><span class='ocrx_word' id='word_1_148' title='bbox 213 2186 279 2260; x_wconf 81' lang='lat' dir='ltr'><strong>Quo</strong></span> <span class='ocrx_word' id='word_1_149' title='bbox 294 2187 396 2262; x_wconf 84' lang='lat' dir='ltr'><strong>genita</strong></span> <span class='ocrx_word' id='word_1_150' title='bbox 411 2195 459 2249; x_wconf 88' lang='lat' dir='ltr'><strong>est</strong></span> <span class='ocrx_word' id='word_1_151' title='bbox 472 2187 598 2263; x_wconf 91' lang='lat' dir='ltr'><strong>liquidis</strong></span> <span class='ocrx_word' id='word_1_152' title='bbox 615 2203 695 2262; x_wconf 85' lang='lat' dir='ltr'><strong>quae</strong></span> <span class='ocrx_word' id='word_1_153' title='bbox 710 2195 793 2248; x_wconf 89' lang='lat' dir='ltr'><strong>caret</strong></span> <span class='ocrx_word' id='word_1_154' title='bbox 806 2189 919 2248; x_wconf 84' lang='lat' dir='ltr'><strong>Arctos</strong></span> <span class='ocrx_word' id='word_1_155' title='bbox 934 2187 1040 2263; x_wconf 83' lang='lat' dir='ltr'><strong>aquis.</strong></span> 
     </span>
     <span class='ocr_line' id='line_1_25' title="bbox 172 2269 1073 2347; baseline 0.003 -19"><span class='ocrx_word' id='word_1_156' title='bbox 172 2269 211 2328; x_wconf 92' lang='lat' dir='ltr'><strong>Ut</strong></span> <span class='ocrx_word' id='word_1_157' title='bbox 224 2270 354 2330; x_wconf 90' lang='lat' dir='ltr'><strong>Macedo</strong></span> <span class='ocrx_word' id='word_1_158' title='bbox 368 2270 485 2347; x_wconf 87' lang='lat' dir='ltr'><strong>rapidis</strong></span> <span class='ocrx_word' id='word_1_159' title='bbox 500 2270 561 2331; x_wconf 89' lang='lat' dir='ltr'><strong>ieta</strong></span> <span class='ocrx_word' id='word_1_160' title='bbox 574 2277 622 2331; x_wconf 91' lang='lat' dir='ltr'><strong>cst</strong></span> <span class='ocrx_word' id='word_1_161' title='bbox 636 2287 706 2331; x_wconf 90' lang='lat' dir='ltr'><strong>cum</strong></span> <span class='ocrx_word' id='word_1_162' title='bbox 722 2272 854 2345; x_wconf 83' lang='lat' dir='ltr'><strong>coniuge</strong></span> <span class='ocrx_word' id='word_1_163' title='bbox 868 2269 1009 2347; x_wconf 88' lang='lat' dir='ltr'><strong>flammis,</strong></span> <span class='ocrx_word' id='word_1_164' title='bbox 1062 2304 1073 2316; x_wconf 76' lang='lat'>=</span> 
     </span>
     <span class='ocr_line' id='line_1_26' title="bbox 214 2351 918 2429; baseline -0.004 -16"><span class='ocrx_word' id='word_1_165' title='bbox 214 2351 279 2426; x_wconf 87' lang='lat' dir='ltr'><strong>Sic,</strong></span> <span class='ocrx_word' id='word_1_166' title='bbox 296 2368 422 2429; x_wconf 89' lang='lat' dir='ltr'><strong>precor,</strong></span> <span class='ocrx_word' id='word_1_167' title='bbox 438 2354 564 2417; x_wconf 88' lang='lat' dir='ltr'><strong>aetherii</strong></span> <span class='ocrx_word' id='word_1_168' title='bbox 582 2354 713 2414; x_wconf 90' lang='lat' dir='ltr'><strong>vindicis</strong></span> <span class='ocrx_word' id='word_1_169' title='bbox 727 2355 798 2429; x_wconf 84' lang='lat' dir='ltr'><strong>igne</strong></span> <span class='ocrx_word' id='word_1_170' title='bbox 814 2354 918 2414; x_wconf 88' lang='lat' dir='ltr'><strong>cadas.</strong></span> 
     </span>
     <span class='ocr_line' id='line_1_27' title="bbox 108 2435 944 2512; baseline 0.004 -19"><span class='ocrx_word' id='word_1_171' title='bbox 108 2440 159 2496; x_wconf 80' lang='lat'><strong>475</strong></span> <span class='ocrx_word' id='word_1_172' title='bbox 173 2435 355 2512; x_wconf 88' lang='lat' dir='ltr'><strong>Praedaque</strong></span> <span class='ocrx_word' id='word_1_173' title='bbox 370 2437 415 2497; x_wconf 93' lang='lat' dir='ltr'><strong>sis</strong></span> <span class='ocrx_word' id='word_1_174' title='bbox 428 2437 503 2511; x_wconf 91' lang='lat' dir='ltr'><strong>illis,</strong></span> <span class='ocrx_word' id='word_1_175' title='bbox 519 2439 632 2512; x_wconf 87' lang='lat' dir='ltr'><strong>quibus</strong></span> <span class='ocrx_word' id='word_1_176' title='bbox 648 2444 696 2497; x_wconf 92' lang='lat' dir='ltr'><strong>est</strong></span> <span class='ocrx_word' id='word_1_177' title='bbox 707 2437 837 2499; x_wconf 88' lang='lat' dir='ltr'><strong>Latonia</strong></span> <span class='ocrx_word' id='word_1_178' title='bbox 849 2438 944 2497; x_wconf 88' lang='lat' dir='ltr'><strong>Delos</strong></span> 
     </span>
     <span class='ocr_line' id='line_1_28' title="bbox 212 2520 858 2596; baseline -0.006 -16"><span class='ocrx_word' id='word_1_179' title='bbox 212 2521 293 2580; x_wconf 88' lang='lat' dir='ltr'><strong>Ante</strong></span> <span class='ocrx_word' id='word_1_180' title='bbox 308 2520 389 2579; x_wconf 88' lang='lat' dir='ltr'><strong>diem</strong></span> <span class='ocrx_word' id='word_1_181' title='bbox 403 2527 491 2596; x_wconf 93' lang='lat' dir='ltr'><strong>rapto</strong></span> <span class='ocrx_word' id='word_1_182' title='bbox 507 2537 569 2582; x_wconf 92' lang='lat' dir='ltr'><strong>non</strong></span> <span class='ocrx_word' id='word_1_183' title='bbox 585 2523 728 2582; x_wconf 87' lang='lat' dir='ltr'><strong>adeunda</strong></span> <span class='ocrx_word' id='word_1_184' title='bbox 740 2521 858 2582; x_wconf 78' lang='lat' dir='ltr'><strong>Thaso:</strong></span> 
     </span>
     <span class='ocr_line' id='line_1_29' title="bbox 172 2601 968 2680; baseline 0.003 -18"><span class='ocrx_word' id='word_1_185' title='bbox 172 2601 291 2677; x_wconf 80' lang='lat' dir='ltr'><strong>Quique</strong></span> <span class='ocrx_word' id='word_1_186' title='bbox 306 2604 501 2665; x_wconf 84' lang='lat' dir='ltr'><strong>verecundae</strong></span> <span class='ocrx_word' id='word_1_187' title='bbox 516 2605 727 2680; x_wconf 88' lang='lat' dir='ltr'><strong>speculantem</strong></span> <span class='ocrx_word' id='word_1_188' title='bbox 740 2604 828 2665; x_wconf 89' lang='lat' dir='ltr'><strong>labra</strong></span> <span class='ocrx_word' id='word_1_189' title='bbox 841 2603 968 2677; x_wconf 87' lang='lat' dir='ltr'><strong>Dianae,</strong></span> 
     </span>
     <span class='ocr_line' id='line_1_30' title="bbox 208 2685 853 2764; baseline 0 -18"><span class='ocrx_word' id='word_1_190' title='bbox 208 2685 329 2762; x_wconf 81' lang='lat' dir='ltr'><strong>Quique</strong></span> <span class='ocrx_word' id='word_1_191' title='bbox 344 2688 549 2764; x_wconf 83' lang='lat' dir='ltr'><strong>Crotopiaden</strong></span> <span class='ocrx_word' id='word_1_192' title='bbox 565 2687 721 2764; x_wconf 89' lang='lat' dir='ltr'><strong>diripuere</strong></span> <span class='ocrx_word' id='word_1_193' title='bbox 734 2688 853 2749; x_wconf 89' lang='lat' dir='ltr'><strong>Linum.</strong></span> 
     </span>
     <span class='ocr_line' id='line_1_31' title="bbox 169 2768 848 2846; baseline 0.007 -19"><span class='ocrx_word' id='word_1_194' title='bbox 169 2768 254 2828; x_wconf 88' lang='lat' dir='ltr'><strong>Neve</strong></span> <span class='ocrx_word' id='word_1_195' title='bbox 268 2778 419 2833; x_wconf 86' lang='lat' dir='ltr'><strong>venenato</strong></span> <span class='ocrx_word' id='word_1_196' title='bbox 435 2772 535 2832; x_wconf 90' lang='lat' dir='ltr'><strong>levius</strong></span> <span class='ocrx_word' id='word_1_197' title='bbox 551 2773 670 2832; x_wconf 87' lang='lat' dir='ltr'><strong>ieriaris</strong></span> <span class='ocrx_word' id='word_1_198' title='bbox 685 2772 724 2832; x_wconf 89' lang='lat' dir='ltr'><strong>ab</strong></span> <span class='ocrx_word' id='word_1_199' title='bbox 739 2787 848 2846; x_wconf 85' lang='lat' dir='ltr'><strong>angue,</strong></span> 
     </span>
     <span class='ocr_line' id='line_1_32' title="bbox 103 2852 898 2931; baseline -0.003 -18"><span class='ocrx_word' id='word_1_200' title='bbox 103 2852 155 2906; x_wconf 69' lang='lat'><strong>480</strong></span> <span class='ocrx_word' id='word_1_201' title='bbox 210 2852 307 2926; x_wconf 81' lang='lat' dir='ltr'><strong>Quam</strong></span> <span class='ocrx_word' id='word_1_202' title='bbox 325 2855 409 2915; x_wconf 85' lang='lat' dir='ltr'><strong>senis</strong></span> <span class='ocrx_word' id='word_1_203' title='bbox 426 2853 535 2929; x_wconf 75' lang='lat' dir='ltr'><strong>Oeagri</strong></span> <span class='ocrx_word' id='word_1_204' title='bbox 552 2855 768 2931; x_wconf 87' lang='lat' dir='ltr'><strong>Calliopesque</strong></span> <span class='ocrx_word' id='word_1_205' title='bbox 785 2871 898 2915; x_wconf 78' lang='lat' dir='ltr'><strong>nurus:</strong></span> 
     </span>
     <span class='ocr_line' id='line_1_33' title="bbox 171 2934 1102 3017; baseline 0.008 -22"><span class='ocrx_word' id='word_1_206' title='bbox 171 2934 267 3009; x_wconf 83' lang='lat' dir='ltr'><strong>Quam</strong></span> <span class='ocrx_word' id='word_1_207' title='bbox 281 2954 360 3012; x_wconf 88' lang='lat' dir='ltr'><strong>puer</strong></span> <span class='ocrx_word' id='word_1_208' title='bbox 372 2939 583 3017; x_wconf 82' lang='lat' dir='ltr'><strong>Hypsipyles,</strong></span> <span class='ocrx_word' id='word_1_209' title='bbox 600 2956 692 3015; x_wconf 89' lang='lat' dir='ltr'><strong>quam</strong></span> <span class='ocrx_word' id='word_1_210' title='bbox 707 2939 760 3014; x_wconf 92' lang='lat' dir='ltr'><strong>qui</strong></span> <span class='ocrx_word' id='word_1_211' title='bbox 775 2954 853 2999; x_wconf 91' lang='lat' dir='ltr'><strong>cava</strong></span> <span class='ocrx_word' id='word_1_212' title='bbox 866 2938 984 3013; x_wconf 86' lang='lat' dir='ltr'><strong>primus</strong></span> <span class='ocrx_word' id='word_1_213' title='bbox 1009 2945 1102 3003; x_wconf 86' lang='lat' dir='ltr'><strong>acuta</strong></span> 
     </span>
     <span class='ocr_line' id='line_1_34' title="bbox 212 3019 805 3098; baseline 0.002 -19"><span class='ocrx_word' id='word_1_214' title='bbox 212 3019 347 3095; x_wconf 88' lang='lat' dir='ltr'><strong>Cuspide</strong></span> <span class='ocrx_word' id='word_1_215' title='bbox 362 3023 500 3097; x_wconf 88' lang='lat' dir='ltr'><strong>suspecti</strong></span> <span class='ocrx_word' id='word_1_216' title='bbox 514 3022 629 3082; x_wconf 87' lang='lat' dir='ltr'><strong>robora</strong></span> <span class='ocrx_word' id='word_1_217' title='bbox 642 3022 708 3082; x_wconf 85' lang='lat' dir='ltr'><strong>fixit</strong></span> <span class='ocrx_word' id='word_1_218' title='bbox 723 3022 805 3098; x_wconf 88' lang='lat' dir='ltr'><strong>equi.</strong></span> 
     </span>
    </p>
   </div>
   <div class='ocr_carea' id='block_1_3' title="bbox 106 3102 1101 3515">
    <p class='ocr_par' dir='ltr' id='par_1_3' title="bbox 106 3102 1101 3515">
     <span class='ocr_line' id='line_1_35' title="bbox 168 3102 900 3184; baseline 0.004 -23"><span class='ocrx_word' id='word_1_219' title='bbox 168 3102 252 3163; x_wconf 87' lang='lat' dir='ltr'><strong>Neve</strong></span> <span class='ocrx_word' id='word_1_220' title='bbox 263 3106 379 3184; x_wconf 78' lang='lat' dir='ltr'><strong>gradus</strong></span> <span class='ocrx_word' id='word_1_221' title='bbox 396 3106 492 3166; x_wconf 87' lang='lat' dir='ltr'><strong>adeas</strong></span> <span class='ocrx_word' id='word_1_222' title='bbox 506 3107 661 3181; x_wconf 83' lang='lat' dir='ltr'><strong>Elpenore</strong></span> <span class='ocrx_word' id='word_1_223' title='bbox 677 3106 795 3169; x_wconf 88' lang='lat' dir='ltr'><strong>cautius</strong></span> <span class='ocrx_word' id='word_1_224' title='bbox 811 3106 900 3180; x_wconf 85' lang='lat' dir='ltr'><strong>altos,</strong></span> 
     </span>
     <span class='ocr_line' id='line_1_36' title="bbox 208 3186 1101 3268; baseline 0.004 -24"><span class='ocrx_word' id='word_1_225' title='bbox 208 3186 343 3262; x_wconf 88' lang='lat' dir='ltr'><strong>Vimque</strong></span> <span class='ocrx_word' id='word_1_226' title='bbox 358 3190 439 3249; x_wconf 88' lang='lat' dir='ltr'><strong>ieras</strong></span> <span class='ocrx_word' id='word_1_227' title='bbox 454 3190 533 3264; x_wconf 86' lang='lat' dir='ltr'><strong>vini,</strong></span> <span class='ocrx_word' id='word_1_228' title='bbox 549 3205 612 3263; x_wconf 93' lang='lat' dir='ltr'><strong>quo</strong></span> <span class='ocrx_word' id='word_1_229' title='bbox 627 3190 695 3250; x_wconf 92' lang='lat' dir='ltr'><strong>tulit</strong></span> <span class='ocrx_word' id='word_1_230' title='bbox 708 3189 759 3249; x_wconf 91' lang='lat' dir='ltr'><strong>ille</strong></span> <span class='ocrx_word' id='word_1_231' title='bbox 772 3189 877 3250; x_wconf 89' lang='lat' dir='ltr'><strong>modo.</strong></span> <span class='ocrx_word' id='word_1_232' title='bbox 968 3190 1101 3268; x_wconf 91' lang='lat' dir='ltr'><strong>[cantem</strong></span> 
     </span>
     <span class='ocr_line' id='line_1_37' title="bbox 106 3269 1101 3348; baseline 0.004 -20"><span class='ocrx_word' id='word_1_233' title='bbox 106 3275 156 3331; x_wconf 70' lang='lat'><strong>485</strong></span> <span class='ocrx_word' id='word_1_234' title='bbox 169 3269 305 3345; x_wconf 89' lang='lat' dir='ltr'><strong>Tamque</strong></span> <span class='ocrx_word' id='word_1_235' title='bbox 321 3272 415 3333; x_wconf 88' lang='lat' dir='ltr'><strong>cedas</strong></span> <span class='ocrx_word' id='word_1_236' title='bbox 430 3273 581 3347; x_wconf 89' lang='lat' dir='ltr'><strong>domitus,</strong></span> <span class='ocrx_word' id='word_1_237' title='bbox 605 3289 696 3347; x_wconf 88' lang='lat' dir='ltr'><strong>quam</strong></span> <span class='ocrx_word' id='word_1_238' title='bbox 717 3273 862 3348; x_wconf 90' lang='lat' dir='ltr'><strong>quisquis</strong></span> <span class='ocrx_word' id='word_1_239' title='bbox 882 3271 924 3333; x_wconf 92' lang='lat' dir='ltr'><strong>ad</strong></span> <span class='ocrx_word' id='word_1_240' title='bbox 945 3289 1032 3334; x_wconf 87' lang='lat' dir='ltr'><strong>arma</strong></span> <span class='ocrx_word' id='word_1_241' title='bbox 1046 3287 1101 3332; x_wconf 90' lang='lat' dir='ltr'><strong>vo·</strong></span> 
     </span>
     <span class='ocr_line' id='line_1_38' title="bbox 211 3352 893 3434; baseline 0.004 -24"><span class='ocrx_word' id='word_1_242' title='bbox 211 3352 291 3411; x_wconf 89' lang='lat' dir='ltr'><strong>Iuvit</strong></span> <span class='ocrx_word' id='word_1_243' title='bbox 305 3353 502 3416; x_wconf 90' lang='lat' dir='ltr'><strong>inhumanum</strong></span> <span class='ocrx_word' id='word_1_244' title='bbox 516 3357 737 3417; x_wconf 81' lang='lat' dir='ltr'><strong>Thiodamanta</strong></span> <span class='ocrx_word' id='word_1_245' title='bbox 751 3358 893 3434; x_wconf 74' lang='lat' dir='ltr'><strong>Dryopsz</strong></span> 
     </span>
     <span class='ocr_line' id='line_1_39' title="bbox 168 3435 935 3515; baseline 0.004 -18"><span class='ocrx_word' id='word_1_246' title='bbox 168 3436 264 3510; x_wconf 81' lang='lat' dir='ltr'><strong>Quam</strong></span> <span class='ocrx_word' id='word_1_247' title='bbox 279 3435 362 3497; x_wconf 89' lang='lat' dir='ltr'><strong>ierus</strong></span> <span class='ocrx_word' id='word_1_248' title='bbox 377 3437 447 3513; x_wconf 90' lang='lat' dir='ltr'><strong>ipse</strong></span> <span class='ocrx_word' id='word_1_249' title='bbox 462 3455 519 3500; x_wconf 93' lang='lat' dir='ltr'><strong>suo</strong></span> <span class='ocrx_word' id='word_1_250' title='bbox 534 3440 624 3515; x_wconf 88' lang='lat' dir='ltr'><strong>periit</strong></span> <span class='ocrx_word' id='word_1_251' title='bbox 637 3447 786 3502; x_wconf 84' lang='lat' dir='ltr'><strong>mactatus</strong></span> <span class='ocrx_word' id='word_1_252' title='bbox 801 3441 832 3498; x_wconf 93' lang='lat' dir='ltr'><strong>in</strong></span> <span class='ocrx_word' id='word_1_253' title='bbox 847 3444 935 3500; x_wconf 88' lang='lat' dir='ltr'><strong>antro</strong></span> 
     </span>
    </p>
   </div>
   <div class='ocr_carea' id='block_1_4' title="bbox 0 0 1164 3960">
    <p class='ocr_par' dir='ltr' id='par_1_4' title="bbox 0 0 1164 3960">
     <span class='ocr_line' id='line_1_40' title="bbox 0 0 1164 3960; baseline 0 3"><span class='ocrx_word' id='word_1_254' title='bbox 0 0 1164 3960; x_wconf 95' lang='lat' dir='ltr'><strong> </strong></span> 
     </span>
    </p>
   </div>
  </div>
 </body>
</html>
