2318 3960
98 237 162 301 230
482 230 733 294 FASTORUM

222 389 259 449 Ul
274 395 382 463 posset
397 393 501 446 vastas
516 385 676 445 exeruisse
690 400 809 446 manus.

178 473 324 546 Fregerat
337 470 470 532 armillas
486 486 547 530 non
564 470 616 529 illa
629 469 669 528 ad
681 469 826 529 bracchia
840 470 948 543 lacae,

227 555 415 616 Scindebant
428 554 530 629 magni
546 553 667 613 vincula
681 569 777 628 parva
791 554 898 629 pedes.

117 649 168 703 325
184 642 256 717 lpse
271 640 353 715 capit
369 637 549 712 clavamque
568 653 692 711 gravem
708 637 905 712 spoliumque
919 637 1032 711 leonis,

224 724 413 796 conditaque
428 722 458 780 in
474 721 615 796 pharetra
628 722 690 780 tela
703 720 821 780 minora
841 736 907 782 sua.

183 808 235 868 Sic
250 808 350 882 epulis
367 806 475 880 iuncti,
493 804 538 866 sic
554 806 627 865 dant
641 821 699 865 sua
714 820 847 881 corpora
864 819 985 877 somno,

221 892 259 951 Et
273 891 383 966 positis
398 890 483 950 iuxta
498 889 669 950 secubuere
686 889 773 948 toris.

184 977 296 1050 Causa,
313 973 460 1050 repertori
475 973 545 1034 vitis
565 972 637 1047 quie
651 988 740 1033 secra
755 972 911 1049 parabant,

119 1063 171 1117 &30
225 1059 309 1133 Quae
323 1060 458 1119 lacerent
472 1073 564 1132 pure,
581 1072 650 1115 cum
664 1058 743 1117 loret
759 1064 826 1117 orla
843 1056 921 1117 dies.
1019 1058 1023 1065 ⁴

183 1143 286 1204 Noctis
301 1149 366 1203 erat
384 1142 527 1220 medium.
558 1140 631 1215 quid
646 1157 707 1200 non
721 1157 808 1201 amor
821 1139 980 1216 improbus
1002 1140 1085 1202 aude

224 1226 360 1287 Roscida
373 1241 430 1302 per
441 1226 584 1285 tenebras
598 1225 721 1285 Faunus
736 1225 776 1284 ad
793 1231 879 1284 antra
895 1224 988 1284 venit.

183 1311 283 1385 thue
304 1310 386 1370 videl
401 1310 529 1370 comites
544 1324 654 1370 somno
669 1308 803 1384 vinoque
819 1311 948 1382 solutos,

224 1393 318 1470 Spem
338 1393 421 1468 capit
434 1394 465 1453 in
481 1393 614 1453 dominis
629 1408 701 1453 esse
715 1392 839 1468 soporis
854 1392 946 1452 idem.

119 1489 170 1543 335
184 1479 292 1553 Intrat,
308 1485 338 1537 el
351 1478 413 1537 huc
428 1477 499 1537 illuc
513 1478 693 1537 temerarius
708 1483 788 1536 errat
807 1476 935 1549 adulter,
1004 1546 1013 1554 ,

225 1563 263 1622 lit
276 1563 410 1637 praefert
426 1567 532 1620 cautas
548 1560 809 1635 subsequiturque
822 1576 943 1622 manus.

187 1647 319 1705 Venerat
332 1647 372 1705 ad
387 1647 472 1704 strati
492 1651 612 1720 captata
626 1645 737 1704 cubilia
751 1644 831 1716 lecti,

223 1730 260 1788 Et
277 1728 349 1787 felix
364 1729 462 1804 prima
476 1728 554 1787 lorto
568 1730 685 1788 loturus
701 1736 775 1788 erat.

183 1813 222 1873 Ut
235 1813 331 1887 letigit
347 1812 421 1872 lulvi
437 1811 530 1871 saetis
546 1811 663 1872 hirsuta
676 1813 775 1872 leonis

118 1903 170 1956 340
227 1897 362 1969 Vellera,
383 1896 536 1971 pertimuit
550 1895 755 1970 sustinuitque
770 1911 901 1968 manum,

183 1979 399 2055 Attonitusque
412 1988 495 2040 metu
510 1980 614 2054 rediit,
628 1987 662 2039 ut
676 1994 773 2055 saepe
788 1980 886 2039 viator

223 2063 387 2124 bubalum
402 2062 471 2124 viso
486 2063 599 2124 rettulit
613 2078 714 2136 angue
729 2063 851 2138 pedem.

183 2148 258 2207 inde
273 2146 345 2222 tori,
366 2147 419 2222 qni
432 2148 552 2207 iunctus
568 2152 647 2217 erat,
665 2146 817 2207 velamina
830 2147 925 2221 tangit

225 2231 341 2305 Mollia,
356 2230 496 2290 mendaci
511 2230 723 2305 decipiturque
742 2236 824 2290 nota.

120 2317 171 2371 ³45
185 2314 348 2386 Ascendit,
366 2314 551 2389 spondaque
566 2314 624 2374 sibi
640 2314 786 2389 propiore
800 2312 960 2389 recumbit,

224 2399 261 2458 Et
281 2397 427 2458 tumidum
442 2413 538 2458 cornu
553 2397 658 2458 durius
673 2399 785 2472 inguen
801 2405 875 2457 erat

184 2483 303 2542 Interea
316 2481 435 2542 tunicas
451 2497 506 2542 ora
521 2481 663 2543 subducit
676 2481 715 2541 ab
730 2482 805 2540 ima:

225 2566 396 2626 Horrebant
410 2565 515 2626 densis
531 2581 642 2641 aspera
657 2580 745 2625 crura
766 2564 846 2640 pilis.

184 2649 290 2710 cetera
304 2655 501 2725 temptantem
516 2649 616 2710 cubito
630 2649 805 2726 Tirynthius
820 2649 913 2710 heros

121 2742 174 2796 too
230 2734 383 2810 Reppulit.
413 2749 431 2793 e
446 2749 565 2794 summo
582 2734 697 2793 decidit
710 2733 760 2792 ille
774 2741 853 2793 toro.

183 2818 229 2879 lit
243 2834 349 2879 sonus.
379 2817 522 2878 inclamat
536 2818 679 2892 comites,
695 2823 725 2877 et
738 2817 853 2876 lumina
868 2817 972 2893 poscit

225 2901 374 2962 Maeonis.
402 2901 505 2961 inlatis
521 2901 642 2977 ignibus
663 2908 731 2962 acta
745 2907 860 2976 patent.

182 2987 237 3045 Ille
251 2987 343 3060 gemit
356 2987 435 3046 lecto
451 2986 585 3060 graviter
599 2986 736 3046 deiectus
751 2985 791 3044 ab
806 2985 877 3059 alto,
932 3053 937 3066 ,

223 3069 421 3144 Membraque
441 3071 480 3129 de
494 3071 571 3130 dura
585 3071 638 3129 vix
654 3085 712 3130 sua
726 3070 802 3130 tollit
816 3069 922 3131 humo.

120 3166 170 3221 ssa
184 3152 275 3213 Ridet
289 3159 318 3213 et
332 3154 476 3228 Alcides,
492 3161 522 3214 et
538 3154 589 3229 qui
605 3153 710 3213 videro
725 3153 884 3226 iacentem,

225 3237 315 3298 Ridet
329 3245 496 3298 amatorem
511 3238 599 3314 Lyda
613 3239 715 3312 puella
729 3253 828 3298 suum.

183 3322 278 3380 Veste
293 3321 369 3382 dens
385 3323 473 3382 lusus
487 3323 627 3383 fallentes
643 3321 756 3382 lumina
770 3326 876 3381 vestes

222 3404 287 3464 Non
303 3413 398 3479 amat,
413 3413 444 3465 et
459 3406 560 3467 nudos
575 3406 615 3465 ad
634 3422 692 3466 sua
709 3421 799 3466 sacra
812 3410 913 3465 vocat

184 3486 274 3547 Adde
289 3488 460 3564 peregrinis
477 3504 605 3562 causas,
622 3504 690 3548 mea
703 3489 808 3563 illusa,
825 3488 958 3554 Latinas.
