2318 3960
404 213 447 282 V,
470 208 505 284 l,
530 207 648 282 10-2‚
672 211 701 271 4.

170 363 255 423 Tibia
270 361 425 422 funeribus
442 361 584 422 convenit
597 362 656 420 ista
670 365 756 423 meis.

127 451 180 508 ‘At
194 449 331 522 poteras’
346 445 447 519 inquis
462 444 582 505 ‘melius
599 447 679 505 mala
694 447 773 507 terre
787 448 915 524 silendo,

74 541 111 593 50
167 531 205 591 nt
218 529 328 591 tacitus
341 544 432 589 casus
448 528 642 589 dissimulare
658 534 748 590 tuos!
927 591 929 595 ,

129 614 248 689 Exigis,
263 620 297 673 01
310 612 384 672 nulli
397 612 527 687 gemitus
542 618 693 672 tormenta
707 622 883 690 sequantur,

168 700 370 770 Acceptoque
383 695 471 769 gravi
487 697 610 754 vulnere
625 695 701 757 llere
716 705 825 760 vetas?

128 783 197 858 lpse
212 780 340 840 Perilleo
354 777 491 839 Phalaris
508 779 646 853 permisit
658 779 689 840 in
704 795 776 841 aere

166 865 265 923 Edere
280 862 412 936 mugitus
427 868 457 922 et
470 860 560 922 bovis
577 878 631 923 ore
646 863 744 937 queri.

72 958 107 1011 55
124 949 195 1008 Cum
210 946 319 1007 Priami
335 944 466 1006 lacrimis
482 943 620 1007 offensus
634 961 696 1010 non
712 947 752 1008 sit
765 946 911 1023 Achilles,

166 1033 207 1091 Tu
225 1030 315 1090 fletus
330 1029 466 1105 inhibes,
482 1028 587 1092 durior
602 1030 708 1104 hoste,
723 1039 833 1091 meost

125 1117 197 1176 Cum
214 1115 328 1174 iaceret
339 1112 458 1174 Nioben
473 1113 579 1174 orbam
592 1113 721 1175 Latonia
734 1115 848 1190 proles,

167 1200 234 1257 Non
248 1204 349 1258 tamen
363 1195 443 1258 hanc
458 1197 558 1258 siccas
573 1197 664 1259 iussit
676 1197 791 1258 habere
804 1215 910 1272 genas.

125 1283 179 1342 Est
194 1281 324 1357 aliquid,
340 1282 430 1341 fatale
445 1281 558 1341 malurn
572 1296 628 1355 per
641 1281 739 1340 verba
754 1282 873 1341 levaret

73 1377 110 1431 60
165 1367 232 1426 Ηο0
248 1364 405 1442 querulum
417 1362 555 1425 Procnen
569 1364 813 1441 Halcyonenque
831 1366 911 1425 10011.

124 1451 191 1509 Ηο0
210 1457 289 1521 erat,
305 1448 335 1507 in
351 1447 453 1522 gelido
469 1464 563 1522 quare
578 1447 744 1509 Poeantius
760 1455 846 1511 antro

165 1534 252 1593 Voce
266 1533 405 1606 inligaret
418 1531 544 1593 Lemnia
563 1547 640 1594 saxa
654 1547 720 1595 sua.

125 1615 298 1692 strangulat
311 1615 448 1676 inclusus
464 1615 555 1678 dolor
568 1622 660 1692 atque
674 1622 833 1677 exaestuat
846 1617 936 1691 intua,

166 1700 288 1775 cogitur
302 1705 333 1760 et
345 1699 428 1760 vires
443 1699 643 1774 multiplicare
658 1714 742 1761 suas.

71 1795 106 1849 65
122 1784 167 1843 Da
184 1784 306 1846 veniam
320 1783 440 1858 potius,
457 1784 507 1843 vel
521 1790 603 1844 totos
618 1784 691 1844 tolle
705 1782 833 1858 libellos,

165 1867 197 1927 Si
212 1867 285 1926 mibi
305 1867 387 1941 quod
404 1866 545 1941 prodest,
564 1867 624 1926 hoc
637 1865 705 1937 tibi,
721 1866 830 1938 lector,
849 1867 946 1928 obest.
973 1923 979 1933 ,

123 1949 186 2009 Sed
204 1967 305 2026 neque
321 1950 434 2010 obesse
449 1957 567 2024 potest,
583 1949 635 2010 ulli
649 1965 708 2008 nec
721 1949 836 2024 scripta
847 1952 966 2012 luerunt

164 2035 276 2094 Nostra
289 2033 348 2094 nisi
363 2033 479 2093 auctori
495 2033 670 2108 perniciosa
687 2047 755 2092 suo.

123 2120 175 2177 ‘At
189 2118 269 2177 mala
284 2121 376 2178 sunt'
397 2117 517 2178 Fateor.
539 2116 613 2190 Quis
633 2123 662 2176 te
677 2116 757 2176 mala
771 2132 893 2177 sumere
907 2119 1008 2193 cogite

72 2211 108 2264 70
164 2203 226 2261 Aut
246 2202 315 2275 quis
332 2201 876 2276 deeeptumponeresumptavetatt
1032 2249 1038 2262 .

122 2287 195 2360 lpse
210 2300 267 2344 nec
281 2285 340 2344 lroo
358 2284 486 2358 mando,
503 2286 575 2359 sed,
591 2291 623 2344 ut
636 2282 686 2343 hic
702 2283 848 2357 deducta,
865 2286 1015 2360 legentum

165 2368 232 2428 Non
249 2374 319 2428 sunt
334 2368 384 2426 1110
399 2383 456 2428 suo
472 2367 651 2428 barbariora
664 2367 746 2427 loco.

121 2453 185 2511 Nec
199 2468 248 2511 me
262 2452 361 2512 Roma
375 2451 441 2512 suls
457 2451 548 2512 debet
567 2451 706 2512 conferre
720 2451 830 2527 poetis.

165 2537 246 2597 Inter
261 2534 457 2597 Sauromatas
473 2535 650 2608 ingeniosus
666 2550 758 2594 eram.

71 2629 104 2684 75
121 2620 260 2694 Denique
274 2621 357 2680 00110
371 2618 443 2678 mihi
459 2625 596 2693 captatur
610 2618 719 2692 gloria,
738 2633 877 2694 quaeque

164 2704 289 2777 Ingenio
306 2703 445 2764 stimulos
463 2703 596 2763 subdere
611 2703 692 2762 lama
711 2702 799 2761 solet.

120 2789 267 2847 Nolumus
283 2786 417 2847 assiduis
433 2786 565 2846 animum
579 2785 738 2846 tabescere
753 2785 843 2859 curis,

164 2870 249 2943 Quae
263 2878 364 2932 tamen
380 2869 568 2945 inrumpunt,
584 2884 709 2944 quoque
723 2875 879 2944 vetantur,
893 2877 974 2930 eunt.

122 2954 182 3013 Cur
197 2953 344 3029 scribam,
361 2954 461 3016 docui.
499 2955 558 3014 Gur
570 2954 700 3026 mittam,
716 2951 877 3026 quaeritis,
893 2953 992 3014 istuc?

71 3046 106 3100 80
162 3036 332 3098 Vobiscum
348 3037 440 3111 cupio
458 3037 595 3112 quolibet
610 3051 681 3097 esse
696 3037 798 3097 modo.

71 3174 100 3267 Β.
120 3168 247 3281 Ecquid
263 3207 312 3267 ubi
329 3207 456 3269 ePonto
474 3223 556 3266 00νο
571 3206 653 3265 00011
667 3205 811 3281 epistola,
828 3206 934 3281 palles.

161 3291 199 3350 Et
213 3290 267 3349 tibi
286 3291 415 3353 sollicita
431 3291 559 3352 solvitur
572 3289 623 3350 illa
636 3297 748 3349 000001

119 3373 205 3433 Ρο00
222 3382 348 3448 metum,
364 3375 464 3436 valeo.
501 3389 690 3450 corpusque,
708 3373 792 3448 quod
806 3381 877 3435 ante
892 3372 1027 3434 laborum

163 3459 319 3532 inpatiens
335 3458 426 3522 nobis
441 3458 668 3533 invalidumque
683 3458 746 3532 luit,
