2318 3960
98 213 141 277 28
498 213 725 277 TRISTIUM

132 402 172 414 --
226 370 322 430 Posse
336 383 449 429 nocere
463 366 571 427 animis
587 366 728 426 carminis
744 381 834 426 omne
848 382 957 442 genus.

121 461 172 514 265
184 453 249 513 Non
260 458 360 512 lamen
373 452 487 511 idcirco
504 450 616 510 crimen
631 449 707 508 liber
721 449 819 510 omnis
834 449 966 511 habebit

227 536 273 596 Nil
288 537 425 612 prodest,
447 535 532 610 quod
546 550 607 593 non
622 533 746 593 laedere
760 534 860 609 possit
873 534 963 594 idem.

186 623 258 695 lgne
274 619 348 695 quid
362 618 484 678 utiliust
506 616 611 693 Siquis
625 624 725 676 tamen
740 632 829 676 urere
842 624 921 676 tecta

227 703 398 777 comparat,
421 702 555 762 audaces
570 701 690 761 instruit
704 700 775 774 igne
789 716 907 762 manus.

182 786 278 862 Eripit
291 785 450 859 interdum,
472 785 564 845 modo
581 786 632 845 dat
646 784 796 844 medicina
810 785 948 858 salutem,

124 880 176 934 oto
229 869 374 944 Quaeque
389 870 480 943 iuvet,
501 875 658 939 monstrat
675 883 816 942 quaeque
832 869 871 927 sit
884 867 980 928 herba
990 883 1109 951 ‚nocens

185 954 223 1012 Et
236 953 311 1011 latro
327 959 357 1012 et
372 959 479 1012 cautus
494 953 699 1027 praecingitur
712 966 787 1011 ense
803 953 914 1013 viator:

224 1037 277 1095 llle
293 1037 350 1096 sed
364 1034 507 1109 insidias,
529 1034 579 1095 hic
593 1035 651 1095 sibi
664 1041 766 1110 portat
780 1050 899 1109 opems

186 1119 326 1193 Discitur,
349 1120 497 1179 innocuos
512 1124 546 1178 ut
559 1124 630 1193 agat
644 1118 786 1178 facundia
801 1133 927 1178 causas:

224 1202 356 1277 Protegit
368 1202 446 1261 haec
461 1208 577 1276 sontes,
598 1201 816 1276 inmeritosque
830 1203 948 1277 premit.

125 1296 175 1350 275
189 1286 240 1346 Sic
254 1287 343 1361 igitur
357 1301 489 1359 carmen,
509 1291 594 1344 recta
607 1285 635 1345 si
649 1290 749 1345 mente
764 1285 890 1359 legatur,

233 1369 396 1443 Constabit,
418 1369 493 1428 nulli
507 1383 603 1444 posse
617 1384 730 1428 nocere
744 1384 853 1428 meum.

133 1488 175 1496 -—
186 1455 226 1512 At
242 1452 387 1527 quiddam
401 1453 465 1511 vitii
482 1451 667 1526 quicumque
680 1451 752 1510 hino
767 1452 909 1528 concipit,
929 1461 1019 1528 errat,

83 1558 85 1562 ·
134 1570 176 1579 -
228 1537 265 1595 Et
279 1535 402 1594 nimium
417 1534 540 1609 scriptis
556 1535 683 1608 abrogat
696 1534 747 1593 ille
762 1536 847 1598 meis.

186 1619 226 1680 Ut
238 1627 338 1678 tamen
353 1618 414 1678 hoe
429 1618 533 1690 latear,
554 1617 618 1677 ludi
634 1631 756 1691 quoque
771 1619 889 1679 semina
904 1618 1049 1695 praebent

124 1711 176 1765 teo
224 1700 393 1777 Nequitiae.
423 1700 488 1760 tolli
503 1707 566 1761 tota
580 1700 698 1760 theatra
710 1700 794 1761 iube·

183 1784 333 1845 Peccandi
349 1799 474 1844 causam
489 1800 579 1859 quam
594 1784 696 1845 mrdtis
712 1801 807 1861 saepe
822 1786 980 1849 dederunt.

225 1868 333 1928 Martia
347 1883 417 1928 cum
431 1868 541 1928 durum
556 1868 663 1928 sternit
675 1867 791 1928 harena
805 1868 918 1928 solum.

182 1952 316 2012 Tollatur
330 1951 449 2013 Circus!
472 1968 533 2012 non
549 1957 614 2012 tuta
628 1951 749 2011 licentia
763 1952 839 2012 circi
854 1958 915 2011 est:

221 2035 895 2110 fflfflmmmm<

123 2124 174 2178 285
186 2118 260 2178 Cum
276 2118 427 2192 quaedam
441 2118 611 2192 spatientur
625 2118 655 2175 in
671 2116 738 2191 hac,
760 2125 793 2177 ut
806 2124 923 2178 amator
937 2119 1047 2180 eadem

103 2256 105 2260 ,
230 2200 405 2271 Conveniat,
424 2216 519 2275 quare
536 2200 673 2274 porticus
688 2200 749 2259 ulla
763 2207 867 2276 patett

187 2284 258 2356 Quis
273 2284 362 2344 locus
377 2289 425 2342 est
438 2283 559 2358 templis
574 2283 755 2356 augustiore
778 2285 862 2345 Haec
878 2301 1003 2363 quoque
1018 2287 1098 2363 vitet,

224 2367 258 2425 In
273 2368 393 2440 culpam
408 2365 498 2440 siqua
512 2374 560 2426 est
573 2365 734 2439 ingeniosa
748 2382 845 2428 suam.

187 2449 261 2508 Cum
275 2449 391 2509 steterit
404 2448 487 2508 lovis
504 2450 590 2521 aede,
613 2449 697 2509 Iovis
712 2458 869 2512 succurret
882 2452 913 2511 in
929 2454 1017 2527 aede,

123 2539 175 2593 290
228 2531 323 2605 Quam
338 2532 447 2592 multos
462 2538 575 2592 matres
591 2533 697 2592 lecerit
710 2534 760 2594 ille
775 2536 862 2595 deus.

186 2614 327 2675 Proxima
341 2615 480 2675 adoranti
495 2615 623 2675 Iunonia
637 2618 752 2692 templa
765 2618 886 2691 subibit,

225 2697 376 2758 Pelicibus
391 2699 491 2758 multis
506 2699 585 2760 banc
600 2701 739 2762 doluisse
752 2702 851 2762 deam.

184 2781 307 2842 Pallade
322 2788 497 2857 conspecta,
517 2790 619 2844 natum
635 2785 674 2844 da
689 2784 812 2844 crimine
827 2785 913 2860 virgo

225 2865 388 2926 Sustulerit
402 2880 506 2940 quare,
530 2875 665 2942 quaerat,
686 2868 926 2929 Erichthonium.

124 2954 174 3009 tto
186 2949 313 3010 Venerit
325 2949 356 3008 in
370 2949 472 3024 magni
487 2951 640 3026 templum,
658 2959 710 3011 tua
723 2967 857 3026 munera,
877 2951 993 3027 Martis,

226 3030 291 3092 Stat
307 3034 414 3093 Venus
429 3033 525 3093 Ultori
541 3034 657 3109 iuncta,
678 3032 726 3092 vir
738 3042 808 3095 ante
823 3037 916 3097 sores.

188 3115 277 3175 lsidis
293 3117 371 3176 aede
385 3118 509 3193 sedens,
530 3133 584 3178 cur
598 3118 678 3178 hane
692 3116 842 3195 Saturnia,
867 3127 1002 3196 quaeret,

226 3199 328 3273 Egerit
341 3201 426 3261 lonio
441 3200 657 3278 Bosporioque
672 3203 769 3261 morit

186 3283 218 3340 ln
233 3283 355 3344 Venere
368 3284 531 3361 Anchises,
553 3286 583 3345 in
597 3287 683 3347 Luna
696 3286 831 3346 Latmius
846 3286 949 3361 heros,

121 3371 175 3426 ³00
223 3366 255 3423 ln
272 3367 382 3427 Cerere
395 3367 504 3440 Iasius,
527 3369 579 3441 qui
593 3370 749 3444 referatur,
772 3377 837 3430 erlt.

182 3445 290 3510 Omnia
303 3465 468 3525 perversas
483 3460 616 3524 possunt
627 3466 824 3529 corrumpere
834 3460 967 3516 montes:
