<?xml version="1.0" encoding="UTF-8"?>
<!DOCTYPE html PUBLIC "-//W3C//DTD XHTML 1.0 Transitional//EN"
    "http://www.w3.org/TR/xhtml1/DTD/xhtml1-transitional.dtd">
<html xmlns="http://www.w3.org/1999/xhtml" xml:lang="en" lang="en">
 <head>
  <title>
</title>
<meta http-equiv="Content-Type" content="text/html;charset=utf-8" />
  <meta name='ocr-system' content='tesseract 3.04.00' />
  <meta name='ocr-capabilities' content='ocr_page ocr_carea ocr_par ocr_line ocrx_word'/>
</head>
<body>
  <div class='ocr_page' id='page_1' title='image "./povidiusnasoexr00merkgoog_0076.png"; bbox 0 0 2318 3960; ppageno 0'>
   <div class='ocr_carea' id='block_1_1' title="bbox 428 225 1057 302">
    <p class='ocr_par' dir='ltr' id='par_1_1' title="bbox 428 225 1057 302">
     <span class='ocr_line' id='line_1_1' title="bbox 428 225 1057 302; baseline 0.005 -15"><span class='ocrx_word' id='word_1_1' title='bbox 428 228 478 302; x_wconf 84' lang='lat' dir='ltr'><strong>iv,</strong></span> <span class='ocrx_word' id='word_1_2' title='bbox 502 227 531 302; x_wconf 92' lang='lat' dir='ltr'><strong>l,</strong></span> <span class='ocrx_word' id='word_1_3' title='bbox 553 226 687 291; x_wconf 80' lang='lat'><strong>17-92.</strong></span> <span class='ocrx_word' id='word_1_4' title='bbox 1015 225 1057 290; x_wconf 70' lang='grc'><strong>59</strong></span> 
     </span>
    </p>
   </div>
   <div class='ocr_carea' id='block_1_2' title="bbox 71 380 1058 3550">
    <p class='ocr_par' dir='ltr' id='par_1_2' title="bbox 71 380 1058 3550">
     <span class='ocr_line' id='line_1_2' title="bbox 71 380 945 461; baseline -0.005 -16"><span class='ocrx_word' id='word_1_5' title='bbox 71 392 104 447; x_wconf 80' lang='lat' dir='ltr'><strong>te</strong></span> <span class='ocrx_word' id='word_1_6' title='bbox 118 383 231 461; x_wconf 88' lang='lat' dir='ltr'><strong>Meque</strong></span> <span class='ocrx_word' id='word_1_7' title='bbox 246 386 291 442; x_wconf 92' lang='lat' dir='ltr'><strong>tot</strong></span> <span class='ocrx_word' id='word_1_8' title='bbox 305 380 445 441; x_wconf 88' lang='lat' dir='ltr'><strong>adversis</strong></span> <span class='ocrx_word' id='word_1_9' title='bbox 460 381 622 453; x_wconf 87' lang='lat' dir='ltr'><strong>cumulant,</strong></span> <span class='ocrx_word' id='word_1_10' title='bbox 639 387 713 454; x_wconf 92' lang='lat' dir='ltr'><strong>quot</strong></span> <span class='ocrx_word' id='word_1_11' title='bbox 739 380 809 441; x_wconf 89' lang='lat' dir='ltr'><strong>litus</strong></span> <span class='ocrx_word' id='word_1_12' title='bbox 825 395 945 453; x_wconf 77' lang='lat' dir='ltr'><strong>arenae,</strong></span> 
     </span>
     <span class='ocr_line' id='line_1_3' title="bbox 164 463 921 543; baseline -0.009 -14"><span class='ocrx_word' id='word_1_13' title='bbox 164 466 306 543; x_wconf 78' lang='lat' dir='ltr'><strong>Quotque</strong></span> <span class='ocrx_word' id='word_1_14' title='bbox 320 466 429 525; x_wconf 82' lang='lat' dir='ltr'><strong>fretum</strong></span> <span class='ocrx_word' id='word_1_15' title='bbox 444 465 557 539; x_wconf 85' lang='lat' dir='ltr'><strong>pisces,</strong></span> <span class='ocrx_word' id='word_1_16' title='bbox 574 478 696 537; x_wconf 88' lang='lat' dir='ltr'><strong>ovaque</strong></span> <span class='ocrx_word' id='word_1_17' title='bbox 711 463 806 537; x_wconf 90' lang='lat' dir='ltr'><strong>piscis</strong></span> <span class='ocrx_word' id='word_1_18' title='bbox 821 463 921 523; x_wconf 87' lang='lat' dir='ltr'><strong>habet.</strong></span> 
     </span>
     <span class='ocr_line' id='line_1_4' title="bbox 122 546 856 627; baseline -0.005 -17"><span class='ocrx_word' id='word_1_19' title='bbox 122 551 205 610; x_wconf 86' lang='lat' dir='ltr'>Vere</span> <span class='ocrx_word' id='word_1_20' title='bbox 219 550 305 627; x_wconf 86' lang='lat' dir='ltr'><strong>prius</strong></span> <span class='ocrx_word' id='word_1_21' title='bbox 323 547 427 622; x_wconf 82' lang='lat' dir='ltr'><strong>flores,</strong></span> <span class='ocrx_word' id='word_1_22' title='bbox 442 554 531 607; x_wconf 89' lang='lat' dir='ltr'><strong>aestu</strong></span> <span class='ocrx_word' id='word_1_23' title='bbox 545 546 721 607; x_wconf 84' lang='lat' dir='ltr'><strong>numerabis</strong></span> <span class='ocrx_word' id='word_1_24' title='bbox 737 547 856 621; x_wconf 88' lang='lat' dir='ltr'><strong>aristas,</strong></span> 
     </span>
     <span class='ocr_line' id='line_1_5' title="bbox 165 630 884 707; baseline -0.006 -13"><span class='ocrx_word' id='word_1_25' title='bbox 165 634 259 694; x_wconf 84' lang='lat' dir='ltr'><strong>Poma</strong></span> <span class='ocrx_word' id='word_1_26' title='bbox 274 647 330 707; x_wconf 91' lang='lat' dir='ltr'><strong>per</strong></span> <span class='ocrx_word' id='word_1_27' title='bbox 345 640 529 702; x_wconf 81' lang='lat' dir='ltr'><strong>autumnum,</strong></span> <span class='ocrx_word' id='word_1_28' title='bbox 545 630 772 705; x_wconf 82' lang='lat' dir='ltr'><strong>frigoribusque</strong></span> <span class='ocrx_word' id='word_1_29' title='bbox 787 631 884 704; x_wconf 91' lang='lat' dir='ltr'><strong>nives,</strong></span> 
     </span>
     <span class='ocr_line' id='line_1_6' title="bbox 125 714 899 791; baseline -0.008 -13"><span class='ocrx_word' id='word_1_30' title='bbox 125 718 220 791; x_wconf 78' lang='lat' dir='ltr'><strong>Quam</strong></span> <span class='ocrx_word' id='word_1_31' title='bbox 235 720 323 791; x_wconf 87' lang='lat' dir='ltr'><strong>mala,</strong></span> <span class='ocrx_word' id='word_1_32' title='bbox 340 731 419 790; x_wconf 88' lang='lat' dir='ltr'><strong>quae</strong></span> <span class='ocrx_word' id='word_1_33' title='bbox 432 721 496 776; x_wconf 90' lang='lat' dir='ltr'><strong>toto</strong></span> <span class='ocrx_word' id='word_1_34' title='bbox 513 715 612 788; x_wconf 89' lang='lat' dir='ltr'><strong>patior</strong></span> <span class='ocrx_word' id='word_1_35' title='bbox 625 714 754 774; x_wconf 87' lang='lat' dir='ltr'><strong>iactatus</strong></span> <span class='ocrx_word' id='word_1_36' title='bbox 769 714 799 772; x_wconf 96' lang='lat' dir='ltr'><strong>in</strong></span> <span class='ocrx_word' id='word_1_37' title='bbox 816 714 899 788; x_wconf 90' lang='lat' dir='ltr'><strong>orbe,</strong></span> 
     </span>
     <span class='ocr_line' id='line_1_7' title="bbox 74 798 775 872; baseline -0.006 -13"><span class='ocrx_word' id='word_1_38' title='bbox 74 807 110 859; x_wconf 84' lang='lat'><strong>60</strong></span> <span class='ocrx_word' id='word_1_39' title='bbox 164 802 242 861; x_wconf 88' lang='lat' dir='ltr'><strong>Dum</strong></span> <span class='ocrx_word' id='word_1_40' title='bbox 256 800 350 860; x_wconf 89' lang='lat' dir='ltr'><strong>miser</strong></span> <span class='ocrx_word' id='word_1_41' title='bbox 362 798 474 860; x_wconf 85' lang='lat' dir='ltr'><strong>Euxini</strong></span> <span class='ocrx_word' id='word_1_42' title='bbox 488 798 578 858; x_wconf 89' lang='lat' dir='ltr'><strong>litora</strong></span> <span class='ocrx_word' id='word_1_43' title='bbox 591 799 679 857; x_wconf 86' lang='lat' dir='ltr'><strong>laeva</strong></span> <span class='ocrx_word' id='word_1_44' title='bbox 692 803 775 872; x_wconf 88' lang='lat' dir='ltr'><strong>peto.</strong></span> 
     </span>
     <span class='ocr_line' id='line_1_8' title="bbox 124 882 944 957; baseline -0.009 -13"><span class='ocrx_word' id='word_1_45' title='bbox 124 885 187 944; x_wconf 91' lang='lat' dir='ltr'><strong>Nec</strong></span> <span class='ocrx_word' id='word_1_46' title='bbox 203 892 312 957; x_wconf 86' lang='lat' dir='ltr'><strong>tamen,</strong></span> <span class='ocrx_word' id='word_1_47' title='bbox 328 890 361 943; x_wconf 91' lang='lat' dir='ltr'><strong>ut</strong></span> <span class='ocrx_word' id='word_1_48' title='bbox 374 882 455 956; x_wconf 91' lang='lat' dir='ltr'><strong>veni,</strong></span> <span class='ocrx_word' id='word_1_49' title='bbox 470 883 568 943; x_wconf 92' lang='lat' dir='ltr'><strong>levior</strong></span> <span class='ocrx_word' id='word_1_50' title='bbox 583 882 704 942; x_wconf 85' lang='lat' dir='ltr'><strong>fortuna</strong></span> <span class='ocrx_word' id='word_1_51' title='bbox 718 883 867 942; x_wconf 89' lang='lat' dir='ltr'><strong>malorum</strong></span> <span class='ocrx_word' id='word_1_52' title='bbox 884 887 944 941; x_wconf 80' lang='lat' dir='ltr'><strong>est:</strong></span> 
     </span>
     <span class='ocr_line' id='line_1_9' title="bbox 164 966 885 1042; baseline -0.006 -15"><span class='ocrx_word' id='word_1_53' title='bbox 164 969 232 1028; x_wconf 90' lang='lat' dir='ltr'><strong>Huc</strong></span> <span class='ocrx_word' id='word_1_54' title='bbox 248 981 373 1042; x_wconf 86' lang='lat' dir='ltr'><strong>quoque</strong></span> <span class='ocrx_word' id='word_1_55' title='bbox 388 973 459 1026; x_wconf 91' lang='lat' dir='ltr'><strong>sunt</strong></span> <span class='ocrx_word' id='word_1_56' title='bbox 473 973 595 1026; x_wconf 87' lang='lat' dir='ltr'><strong>nostras</strong></span> <span class='ocrx_word' id='word_1_57' title='bbox 612 967 673 1025; x_wconf 86' lang='lat' dir='ltr'><strong>lata</strong></span> <span class='ocrx_word' id='word_1_58' title='bbox 688 972 795 1025; x_wconf 90' lang='lat' dir='ltr'><strong>secuta</strong></span> <span class='ocrx_word' id='word_1_59' title='bbox 807 966 885 1025; x_wconf 83' lang='lat' dir='ltr'><strong>vias</strong></span> 
     </span>
     <span class='ocr_line' id='line_1_10' title="bbox 124 1049 886 1127; baseline -0.004 -17"><span class='ocrx_word' id='word_1_60' title='bbox 124 1051 180 1110; x_wconf 88' lang='lat' dir='ltr'><strong>Hic</strong></span> <span class='ocrx_word' id='word_1_61' title='bbox 196 1065 322 1127; x_wconf 90' lang='lat' dir='ltr'><strong>quoque</strong></span> <span class='ocrx_word' id='word_1_62' title='bbox 337 1066 495 1125; x_wconf 82' lang='lat' dir='ltr'><strong>cognosco</strong></span> <span class='ocrx_word' id='word_1_63' title='bbox 510 1050 620 1111; x_wconf 90' lang='lat' dir='ltr'><strong>natalis</strong></span> <span class='ocrx_word' id='word_1_64' title='bbox 636 1051 767 1109; x_wconf 92' lang='lat' dir='ltr'><strong>stamina</strong></span> <span class='ocrx_word' id='word_1_65' title='bbox 781 1049 886 1121; x_wconf 89' lang='lat' dir='ltr'><strong>nostri,</strong></span> 
     </span>
     <span class='ocr_line' id='line_1_11' title="bbox 166 1133 780 1210; baseline -0.007 -15"><span class='ocrx_word' id='word_1_66' title='bbox 166 1133 302 1195; x_wconf 86' lang='lat' dir='ltr'><strong>Stamina</strong></span> <span class='ocrx_word' id='word_1_67' title='bbox 317 1135 356 1193; x_wconf 88' lang='lat' dir='ltr'><strong>de</strong></span> <span class='ocrx_word' id='word_1_68' title='bbox 371 1135 460 1210; x_wconf 89' lang='lat' dir='ltr'><strong>nigro</strong></span> <span class='ocrx_word' id='word_1_69' title='bbox 477 1136 592 1194; x_wconf 87' lang='lat' dir='ltr'><strong>vellere</strong></span> <span class='ocrx_word' id='word_1_70' title='bbox 607 1135 688 1193; x_wconf 87' lang='lat' dir='ltr'><strong>lacta</strong></span> <span class='ocrx_word' id='word_1_71' title='bbox 698 1133 780 1192; x_wconf 91' lang='lat' dir='ltr'><strong>mihi.</strong></span> 
     </span>
     <span class='ocr_line' id='line_1_12' title="bbox 72 1217 920 1294; baseline -0.004 -16"><span class='ocrx_word' id='word_1_72' title='bbox 72 1227 107 1284; x_wconf 82' lang='lat'><strong>65</strong></span> <span class='ocrx_word' id='word_1_73' title='bbox 122 1218 224 1293; x_wconf 88' lang='lat' dir='ltr'><strong>thue</strong></span> <span class='ocrx_word' id='word_1_74' title='bbox 237 1233 295 1278; x_wconf 92' lang='lat' dir='ltr'><strong>nec</strong></span> <span class='ocrx_word' id='word_1_75' title='bbox 310 1218 438 1278; x_wconf 88' lang='lat' dir='ltr'><strong>insidias</strong></span> <span class='ocrx_word' id='word_1_76' title='bbox 454 1218 625 1294; x_wconf 81' lang='lat' dir='ltr'><strong>capitisque</strong></span> <span class='ocrx_word' id='word_1_77' title='bbox 639 1217 777 1292; x_wconf 85' lang='lat' dir='ltr'><strong>pericula</strong></span> <span class='ocrx_word' id='word_1_78' title='bbox 790 1231 920 1290; x_wconf 87' lang='lat' dir='ltr'><strong>narrem,</strong></span> 
     </span>
     <span class='ocr_line' id='line_1_13' title="bbox 166 1300 800 1377; baseline -0.008 -16"><span class='ocrx_word' id='word_1_79' title='bbox 166 1304 251 1361; x_wconf 89' lang='lat' dir='ltr'><strong>Vera</strong></span> <span class='ocrx_word' id='word_1_80' title='bbox 265 1301 398 1377; x_wconf 88' lang='lat' dir='ltr'><strong>quidem,</strong></span> <span class='ocrx_word' id='word_1_81' title='bbox 413 1302 477 1361; x_wconf 88' lang='lat' dir='ltr'><strong>veri</strong></span> <span class='ocrx_word' id='word_1_82' title='bbox 493 1303 551 1362; x_wconf 90' lang='lat' dir='ltr'><strong>sed</strong></span> <span class='ocrx_word' id='word_1_83' title='bbox 565 1301 708 1376; x_wconf 83' lang='lat' dir='ltr'><strong>graviora</strong></span> <span class='ocrx_word' id='word_1_84' title='bbox 722 1300 800 1360; x_wconf 83' lang='lat' dir='ltr'><strong>fide=</strong></span> 
     </span>
     <span class='ocr_line' id='line_1_14' title="bbox 124 1383 1020 1461; baseline -0.002 -17"><span class='ocrx_word' id='word_1_85' title='bbox 124 1385 238 1446; x_wconf 88' lang='lat' dir='ltr'><strong>Vivere</strong></span> <span class='ocrx_word' id='word_1_86' title='bbox 254 1402 345 1461; x_wconf 91' lang='lat' dir='ltr'><strong>quam</strong></span> <span class='ocrx_word' id='word_1_87' title='bbox 358 1386 504 1446; x_wconf 87' lang='lat' dir='ltr'><strong>miserum</strong></span> <span class='ocrx_word' id='word_1_88' title='bbox 519 1394 566 1447; x_wconf 89' lang='lat' dir='ltr'><strong>est</strong></span> <span class='ocrx_word' id='word_1_89' title='bbox 578 1385 657 1445; x_wconf 86' lang='lat' dir='ltr'><strong>inter</strong></span> <span class='ocrx_word' id='word_1_90' title='bbox 670 1385 851 1460; x_wconf 84' lang='lat' dir='ltr'><strong>Bessosque</strong></span> <span class='ocrx_word' id='word_1_91' title='bbox 867 1383 1020 1459; x_wconf 87' lang='lat' dir='ltr'><strong>Getasque</strong></span> 
     </span>
     <span class='ocr_line' id='line_1_15' title="bbox 165 1469 790 1545; baseline 0 -19"><span class='ocrx_word' id='word_1_92' title='bbox 165 1470 261 1544; x_wconf 84' lang='lat' dir='ltr'><strong>illurn,</strong></span> <span class='ocrx_word' id='word_1_93' title='bbox 277 1469 329 1545; x_wconf 90' lang='lat' dir='ltr'><strong>qui</strong></span> <span class='ocrx_word' id='word_1_94' title='bbox 345 1471 452 1545; x_wconf 90' lang='lat' dir='ltr'><strong>populi</strong></span> <span class='ocrx_word' id='word_1_95' title='bbox 467 1484 589 1544; x_wconf 88' lang='lat' dir='ltr'><strong>semper</strong></span> <span class='ocrx_word' id='word_1_96' title='bbox 603 1469 634 1528; x_wconf 94' lang='lat' dir='ltr'><strong>in</strong></span> <span class='ocrx_word' id='word_1_97' title='bbox 650 1484 704 1528; x_wconf 90' lang='lat' dir='ltr'><strong>ore</strong></span> <span class='ocrx_word' id='word_1_98' title='bbox 720 1469 790 1529; x_wconf 89' lang='lat' dir='ltr'><strong>luitt</strong></span> 
     </span>
     <span class='ocr_line' id='line_1_16' title="bbox 126 1551 929 1630; baseline -0.002 -17"><span class='ocrx_word' id='word_1_99' title='bbox 126 1551 222 1626; x_wconf 76' lang='lat' dir='ltr'><strong>Quam</strong></span> <span class='ocrx_word' id='word_1_100' title='bbox 236 1554 381 1614; x_wconf 89' lang='lat' dir='ltr'><strong>miserum</strong></span> <span class='ocrx_word' id='word_1_101' title='bbox 396 1560 452 1627; x_wconf 90' lang='lat' dir='ltr'><strong>est,</strong></span> <span class='ocrx_word' id='word_1_102' title='bbox 469 1559 558 1630; x_wconf 87' lang='lat' dir='ltr'><strong>porta</strong></span> <span class='ocrx_word' id='word_1_103' title='bbox 570 1553 663 1613; x_wconf 87' lang='lat' dir='ltr'><strong>vitam</strong></span> <span class='ocrx_word' id='word_1_104' title='bbox 678 1568 828 1628; x_wconf 91' lang='lat' dir='ltr'><strong>muroque</strong></span> <span class='ocrx_word' id='word_1_105' title='bbox 842 1552 929 1625; x_wconf 86' lang='lat' dir='ltr'><strong>tueri,</strong></span> 
     </span>
     <span class='ocr_line' id='line_1_17' title="bbox 73 1637 771 1713; baseline -0.006 -14"><span class='ocrx_word' id='word_1_106' title='bbox 73 1643 109 1699; x_wconf 78' lang='lat'><strong>⁷0</strong></span> <span class='ocrx_word' id='word_1_107' title='bbox 164 1637 289 1713; x_wconf 89' lang='lat' dir='ltr'><strong>Vixque</strong></span> <span class='ocrx_word' id='word_1_108' title='bbox 304 1637 352 1697; x_wconf 94' lang='lat' dir='ltr'><strong>sui</strong></span> <span class='ocrx_word' id='word_1_109' title='bbox 368 1642 465 1698; x_wconf 90' lang='lat' dir='ltr'><strong>tutum</strong></span> <span class='ocrx_word' id='word_1_110' title='bbox 478 1637 595 1697; x_wconf 88' lang='lat' dir='ltr'><strong>viribus</strong></span> <span class='ocrx_word' id='word_1_111' title='bbox 610 1652 682 1697; x_wconf 90' lang='lat' dir='ltr'><strong>esse</strong></span> <span class='ocrx_word' id='word_1_112' title='bbox 696 1637 771 1697; x_wconf 85' lang='lat' dir='ltr'><strong>loci!</strong></span> 
     </span>
     <span class='ocr_line' id='line_1_18' title="bbox 121 1719 784 1796; baseline 0.005 -17"><span class='ocrx_word' id='word_1_113' title='bbox 121 1721 245 1794; x_wconf 79' lang='lat' dir='ltr'><strong>Aspera</strong></span> <span class='ocrx_word' id='word_1_114' title='bbox 259 1721 381 1780; x_wconf 89' lang='lat' dir='ltr'><strong>militiae</strong></span> <span class='ocrx_word' id='word_1_115' title='bbox 396 1719 515 1782; x_wconf 88' lang='lat' dir='ltr'><strong>iuvenis</strong></span> <span class='ocrx_word' id='word_1_116' title='bbox 531 1721 696 1780; x_wconf 87' lang='lat' dir='ltr'><strong>certamina</strong></span> <span class='ocrx_word' id='word_1_117' title='bbox 711 1721 784 1796; x_wconf 86' lang='lat' dir='ltr'><strong>lugi,</strong></span> 
     </span>
     <span class='ocr_line' id='line_1_19' title="bbox 158 1804 793 1866; baseline 0 -4"><span class='ocrx_word' id='word_1_118' title='bbox 158 1804 221 1863; x_wconf 87' lang='lat' dir='ltr'><strong>Nec</strong></span> <span class='ocrx_word' id='word_1_119' title='bbox 236 1804 296 1864; x_wconf 92' lang='lat' dir='ltr'><strong>nisi</strong></span> <span class='ocrx_word' id='word_1_120' title='bbox 310 1806 415 1864; x_wconf 88' lang='lat' dir='ltr'><strong>lusura</strong></span> <span class='ocrx_word' id='word_1_121' title='bbox 428 1804 579 1866; x_wconf 90' lang='lat' dir='ltr'><strong>movimus</strong></span> <span class='ocrx_word' id='word_1_122' title='bbox 594 1820 679 1864; x_wconf 87' lang='lat' dir='ltr'><strong>anna</strong></span> <span class='ocrx_word' id='word_1_123' title='bbox 692 1819 793 1864; x_wconf 89' lang='lat' dir='ltr'><strong>manu.</strong></span> 
     </span>
     <span class='ocr_line' id='line_1_20' title="bbox 119 1887 941 1964; baseline 0.001 -18"><span class='ocrx_word' id='word_1_124' title='bbox 119 1887 206 1946; x_wconf 88' lang='lat' dir='ltr'><strong>Nunc</strong></span> <span class='ocrx_word' id='word_1_125' title='bbox 220 1887 325 1947; x_wconf 90' lang='lat' dir='ltr'><strong>senior</strong></span> <span class='ocrx_word' id='word_1_126' title='bbox 338 1887 503 1964; x_wconf 81' lang='lat' dir='ltr'><strong>gladioque</strong></span> <span class='ocrx_word' id='word_1_127' title='bbox 518 1888 597 1948; x_wconf 91' lang='lat' dir='ltr'><strong>latus</strong></span> <span class='ocrx_word' id='word_1_128' title='bbox 612 1896 764 1963; x_wconf 86' lang='lat' dir='ltr'><strong>scutoque</strong></span> <span class='ocrx_word' id='word_1_129' title='bbox 779 1887 941 1961; x_wconf 85' lang='lat' dir='ltr'><strong>sinistram,</strong></span> 
     </span>
     <span class='ocr_line' id='line_1_21' title="bbox 164 1971 806 2047; baseline 0 -17"><span class='ocrx_word' id='word_1_130' title='bbox 164 1971 309 2031; x_wconf 88' lang='lat' dir='ltr'><strong>Canitiem</strong></span> <span class='ocrx_word' id='word_1_131' title='bbox 324 1971 431 2046; x_wconf 88' lang='lat' dir='ltr'><strong>galeae</strong></span> <span class='ocrx_word' id='word_1_132' title='bbox 446 1971 628 2047; x_wconf 86' lang='lat' dir='ltr'><strong>subicioque</strong></span> <span class='ocrx_word' id='word_1_133' title='bbox 641 1987 750 2031; x_wconf 87' lang='lat' dir='ltr'><strong>meam.</strong></span> <span class='ocrx_word' id='word_1_134' title='bbox 800 2001 806 2010; x_wconf 92' lang='lat'><strong>·</strong></span> 
     </span>
     <span class='ocr_line' id='line_1_22' title="bbox 79 2053 933 2130; baseline -0.004 -13"><span class='ocrx_word' id='word_1_135' title='bbox 79 2061 114 2117; x_wconf 79' lang='lat'><strong>75</strong></span> <span class='ocrx_word' id='word_1_136' title='bbox 125 2054 200 2114; x_wconf 89' lang='lat' dir='ltr'><strong>Nam</strong></span> <span class='ocrx_word' id='word_1_137' title='bbox 215 2053 300 2115; x_wconf 87' lang='lat' dir='ltr'><strong>dedit</strong></span> <span class='ocrx_word' id='word_1_138' title='bbox 315 2070 332 2113; x_wconf 89' lang='lat' dir='ltr'><strong>e</strong></span> <span class='ocrx_word' id='word_1_139' title='bbox 346 2056 473 2130; x_wconf 89' lang='lat' dir='ltr'><strong>specula</strong></span> <span class='ocrx_word' id='word_1_140' title='bbox 488 2061 594 2116; x_wconf 88' lang='lat' dir='ltr'><strong>custos</strong></span> <span class='ocrx_word' id='word_1_141' title='bbox 609 2054 661 2115; x_wconf 92' lang='lat' dir='ltr'><strong>ubi</strong></span> <span class='ocrx_word' id='word_1_142' title='bbox 676 2054 765 2130; x_wconf 89' lang='lat' dir='ltr'><strong>signa</strong></span> <span class='ocrx_word' id='word_1_143' title='bbox 778 2054 933 2129; x_wconf 88' lang='lat' dir='ltr'><strong>tumultus,</strong></span> 
     </span>
     <span class='ocr_line' id='line_1_23' title="bbox 127 2137 828 2215; baseline -0.001 -18"><span class='ocrx_word' id='word_1_144' title='bbox 127 2193 129 2197; x_wconf 76' lang='grc'>,</span> <span class='ocrx_word' id='word_1_145' title='bbox 164 2137 321 2198; x_wconf 88' lang='lat' dir='ltr'><strong>induimus</strong></span> <span class='ocrx_word' id='word_1_146' title='bbox 335 2139 457 2214; x_wconf 89' lang='lat' dir='ltr'><strong>trepida</strong></span> <span class='ocrx_word' id='word_1_147' title='bbox 470 2139 610 2215; x_wconf 85' lang='lat' dir='ltr'><strong>protinus</strong></span> <span class='ocrx_word' id='word_1_148' title='bbox 629 2155 713 2198; x_wconf 87' lang='lat' dir='ltr'><strong>anna</strong></span> <span class='ocrx_word' id='word_1_149' title='bbox 727 2155 828 2200; x_wconf 89' lang='lat' dir='ltr'><strong>manu.</strong></span> 
     </span>
     <span class='ocr_line' id='line_1_24' title="bbox 122 2221 892 2299; baseline 0.001 -18"><span class='ocrx_word' id='word_1_150' title='bbox 122 2222 237 2296; x_wconf 91' lang='lat' dir='ltr'><strong>Hostis,</strong></span> <span class='ocrx_word' id='word_1_151' title='bbox 260 2221 377 2282; x_wconf 86' lang='lat' dir='ltr'><strong>habens</strong></span> <span class='ocrx_word' id='word_1_152' title='bbox 392 2236 482 2283; x_wconf 89' lang='lat' dir='ltr'><strong>arcus</strong></span> <span class='ocrx_word' id='word_1_153' title='bbox 497 2222 672 2299; x_wconf 87' lang='lat' dir='ltr'><strong>imbutaque</strong></span> <span class='ocrx_word' id='word_1_154' title='bbox 686 2223 748 2283; x_wconf 88' lang='lat' dir='ltr'><strong>tela</strong></span> <span class='ocrx_word' id='word_1_155' title='bbox 762 2237 892 2295; x_wconf 89' lang='lat' dir='ltr'><strong>veneno,</strong></span> 
     </span>
     <span class='ocr_line' id='line_1_25' title="bbox 74 2304 813 2383; baseline -0.001 -18"><span class='ocrx_word' id='word_1_156' title='bbox 74 2377 77 2383; x_wconf 25' lang='grc' dir='ltr'>Ι</span> <span class='ocrx_word' id='word_1_157' title='bbox 162 2305 281 2365; x_wconf 90' lang='lat' dir='ltr'><strong>Saevus</strong></span> <span class='ocrx_word' id='word_1_158' title='bbox 296 2304 448 2365; x_wconf 89' lang='lat' dir='ltr'><strong>anhelanti</strong></span> <span class='ocrx_word' id='word_1_159' title='bbox 463 2306 585 2366; x_wconf 86' lang='lat' dir='ltr'><strong>moenia</strong></span> <span class='ocrx_word' id='word_1_160' title='bbox 599 2306 708 2366; x_wconf 89' lang='lat' dir='ltr'><strong>lustrat</strong></span> <span class='ocrx_word' id='word_1_161' title='bbox 723 2322 813 2381; x_wconf 90' lang='lat' dir='ltr'><strong>equo.</strong></span> 
     </span>
     <span class='ocr_line' id='line_1_26' title="bbox 122 2388 924 2466; baseline 0.002 -18"><span class='ocrx_word' id='word_1_162' title='bbox 122 2388 224 2464; x_wconf 88' lang='lat' dir='ltr'><strong>thue</strong></span> <span class='ocrx_word' id='word_1_163' title='bbox 238 2404 336 2464; x_wconf 86' lang='lat' dir='ltr'><strong>rapax</strong></span> <span class='ocrx_word' id='word_1_164' title='bbox 351 2389 511 2465; x_wconf 89' lang='lat' dir='ltr'><strong>pecudem,</strong></span> <span class='ocrx_word' id='word_1_165' title='bbox 534 2405 614 2466; x_wconf 90' lang='lat' dir='ltr'><strong>quae</strong></span> <span class='ocrx_word' id='word_1_166' title='bbox 627 2406 688 2450; x_wconf 93' lang='lat' dir='ltr'><strong>non</strong></span> <span class='ocrx_word' id='word_1_167' title='bbox 705 2405 740 2450; x_wconf 88' lang='lat' dir='ltr'><strong>se</strong></span> <span class='ocrx_word' id='word_1_168' title='bbox 753 2391 828 2451; x_wconf 87' lang='lat' dir='ltr'><strong>texit</strong></span> <span class='ocrx_word' id='word_1_169' title='bbox 843 2393 924 2466; x_wconf 91' lang='lat' dir='ltr'><strong>ovili,</strong></span> 
     </span>
     <span class='ocr_line' id='line_1_27' title="bbox 80 2472 921 2551; baseline -0.005 -17"><span class='ocrx_word' id='word_1_170' title='bbox 80 2480 117 2534; x_wconf 82' lang='lat'><strong>8⁰</strong></span> <span class='ocrx_word' id='word_1_171' title='bbox 169 2472 227 2532; x_wconf 89' lang='lat' dir='ltr'><strong>Per</strong></span> <span class='ocrx_word' id='word_1_172' title='bbox 242 2479 316 2545; x_wconf 88' lang='lat' dir='ltr'><strong>sata,</strong></span> <span class='ocrx_word' id='word_1_173' title='bbox 339 2487 396 2548; x_wconf 90' lang='lat' dir='ltr'><strong>per</strong></span> <span class='ocrx_word' id='word_1_174' title='bbox 409 2475 503 2532; x_wconf 85' lang='lat' dir='ltr'><strong>silvas</strong></span> <span class='ocrx_word' id='word_1_175' title='bbox 518 2473 637 2548; x_wconf 80' lang='lat' dir='ltr'><strong>fertque</strong></span> <span class='ocrx_word' id='word_1_176' title='bbox 650 2473 802 2551; x_wconf 88' lang='lat' dir='ltr'><strong>trahitque</strong></span> <span class='ocrx_word' id='word_1_177' title='bbox 816 2475 921 2550; x_wconf 83' lang='lat' dir='ltr'><strong>lupus:</strong></span> 
     </span>
     <span class='ocr_line' id='line_1_28' title="bbox 123 2555 905 2634; baseline 0.005 -20"><span class='ocrx_word' id='word_1_178' title='bbox 123 2555 184 2630; x_wconf 91' lang='lat' dir='ltr'><strong>Sic,</strong></span> <span class='ocrx_word' id='word_1_179' title='bbox 206 2555 325 2631; x_wconf 88' lang='lat' dir='ltr'><strong>siquem</strong></span> <span class='ocrx_word' id='word_1_180' title='bbox 340 2557 475 2633; x_wconf 89' lang='lat' dir='ltr'><strong>nondum</strong></span> <span class='ocrx_word' id='word_1_181' title='bbox 489 2564 646 2632; x_wconf 89' lang='lat' dir='ltr'><strong>portarum</strong></span> <span class='ocrx_word' id='word_1_182' title='bbox 660 2573 736 2633; x_wconf 91' lang='lat' dir='ltr'><strong>sepe</strong></span> <span class='ocrx_word' id='word_1_183' title='bbox 749 2564 905 2634; x_wconf 86' lang='lat' dir='ltr'><strong>receptum</strong></span> 
     </span>
     <span class='ocr_line' id='line_1_29' title="bbox 162 2638 857 2716; baseline 0.004 -19"><span class='ocrx_word' id='word_1_184' title='bbox 162 2638 316 2700; x_wconf 85' lang='lat' dir='ltr'><strong>Barbarus</strong></span> <span class='ocrx_word' id='word_1_185' title='bbox 330 2640 359 2699; x_wconf 96' lang='lat' dir='ltr'><strong>in</strong></span> <span class='ocrx_word' id='word_1_186' title='bbox 377 2641 493 2716; x_wconf 89' lang='lat' dir='ltr'><strong>campis</strong></span> <span class='ocrx_word' id='word_1_187' title='bbox 508 2640 643 2716; x_wconf 88' lang='lat' dir='ltr'><strong>repperit</strong></span> <span class='ocrx_word' id='word_1_188' title='bbox 655 2640 763 2714; x_wconf 90' lang='lat' dir='ltr'><strong>hostis,</strong></span> <span class='ocrx_word' id='word_1_189' title='bbox 786 2643 857 2716; x_wconf 87' lang='lat' dir='ltr'><strong>agit.</strong></span> 
     </span>
     <span class='ocr_line' id='line_1_30' title="bbox 122 2722 907 2800; baseline 0.001 -17"><span class='ocrx_word' id='word_1_190' title='bbox 122 2724 185 2783; x_wconf 83' lang='lat' dir='ltr'><strong>Aut</strong></span> <span class='ocrx_word' id='word_1_191' title='bbox 199 2722 337 2797; x_wconf 91' lang='lat' dir='ltr'><strong>sequitur</strong></span> <span class='ocrx_word' id='word_1_192' title='bbox 352 2731 461 2798; x_wconf 90' lang='lat' dir='ltr'><strong>captus</strong></span> <span class='ocrx_word' id='word_1_193' title='bbox 477 2725 677 2800; x_wconf 88' lang='lat' dir='ltr'><strong>coniectaque</strong></span> <span class='ocrx_word' id='word_1_194' title='bbox 692 2725 813 2785; x_wconf 85' lang='lat' dir='ltr'><strong>vincula</strong></span> <span class='ocrx_word' id='word_1_195' title='bbox 829 2726 907 2786; x_wconf 92' lang='lat' dir='ltr'><strong>collo</strong></span> 
     </span>
     <span class='ocr_line' id='line_1_31' title="bbox 165 2805 792 2884; baseline 0.003 -19"><span class='ocrx_word' id='word_1_196' title='bbox 165 2805 294 2882; x_wconf 85' lang='lat' dir='ltr'><strong>Accipit,</strong></span> <span class='ocrx_word' id='word_1_197' title='bbox 317 2815 369 2868; x_wconf 89' lang='lat' dir='ltr'><strong>aut</strong></span> <span class='ocrx_word' id='word_1_198' title='bbox 381 2808 442 2867; x_wconf 87' lang='lat' dir='ltr'><strong>telo</strong></span> <span class='ocrx_word' id='word_1_199' title='bbox 459 2809 544 2868; x_wconf 92' lang='lat' dir='ltr'><strong>virus</strong></span> <span class='ocrx_word' id='word_1_200' title='bbox 560 2807 691 2867; x_wconf 87' lang='lat' dir='ltr'><strong>habente</strong></span> <span class='ocrx_word' id='word_1_201' title='bbox 705 2808 792 2884; x_wconf 88' lang='lat' dir='ltr'><strong>perit.</strong></span> 
     </span>
     <span class='ocr_line' id='line_1_32' title="bbox 77 2890 867 2965; baseline -0.008 -13"><span class='ocrx_word' id='word_1_202' title='bbox 77 2899 113 2952; x_wconf 81' lang='lat'><strong>85</strong></span> <span class='ocrx_word' id='word_1_203' title='bbox 125 2890 182 2950; x_wconf 87' lang='lat' dir='ltr'><strong>Hic</strong></span> <span class='ocrx_word' id='word_1_204' title='bbox 197 2904 255 2965; x_wconf 94' lang='lat' dir='ltr'><strong>ego</strong></span> <span class='ocrx_word' id='word_1_205' title='bbox 271 2892 420 2951; x_wconf 89' lang='lat' dir='ltr'><strong>sollicitae</strong></span> <span class='ocrx_word' id='word_1_206' title='bbox 435 2892 520 2953; x_wconf 88' lang='lat' dir='ltr'><strong>iaceo</strong></span> <span class='ocrx_word' id='word_1_207' title='bbox 537 2907 637 2952; x_wconf 90' lang='lat' dir='ltr'><strong>novus</strong></span> <span class='ocrx_word' id='word_1_208' title='bbox 652 2891 752 2953; x_wconf 87' lang='lat' dir='ltr'><strong>incola</strong></span> <span class='ocrx_word' id='word_1_209' title='bbox 766 2891 867 2953; x_wconf 83' lang='lat' dir='ltr'><strong>sedis:</strong></span> 
     </span>
     <span class='ocr_line' id='line_1_33' title="bbox 162 2973 994 3051; baseline 0.002 -19"><span class='ocrx_word' id='word_1_210' title='bbox 162 2973 230 3033; x_wconf 88' lang='lat' dir='ltr'><strong>Heu</strong></span> <span class='ocrx_word' id='word_1_211' title='bbox 243 2973 368 3036; x_wconf 92' lang='lat' dir='ltr'><strong>nimium</strong></span> <span class='ocrx_word' id='word_1_212' title='bbox 383 2975 436 3034; x_wconf 88' lang='lat' dir='ltr'><strong>lati</strong></span> <span class='ocrx_word' id='word_1_213' title='bbox 449 2982 589 3051; x_wconf 85' lang='lat' dir='ltr'><strong>tempora</strong></span> <span class='ocrx_word' id='word_1_214' title='bbox 603 2976 684 3034; x_wconf 91' lang='lat' dir='ltr'><strong>lenta</strong></span> <span class='ocrx_word' id='word_1_215' title='bbox 696 2974 770 3035; x_wconf 87' lang='lat' dir='ltr'><strong>meit</strong></span> <span class='ocrx_word' id='word_1_216' title='bbox 990 3040 994 3050; x_wconf 58' lang='lat'>‚</span> 
     </span>
     <span class='ocr_line' id='line_1_34' title="bbox 122 3058 921 3132; baseline 0 -16"><span class='ocrx_word' id='word_1_217' title='bbox 122 3058 161 3116; x_wconf 86' lang='lat' dir='ltr'><strong>Et</strong></span> <span class='ocrx_word' id='word_1_218' title='bbox 175 3062 275 3118; x_wconf 89' lang='lat' dir='ltr'><strong>tamen</strong></span> <span class='ocrx_word' id='word_1_219' title='bbox 290 3059 331 3118; x_wconf 90' lang='lat' dir='ltr'><strong>ad</strong></span> <span class='ocrx_word' id='word_1_220' title='bbox 346 3074 490 3120; x_wconf 91' lang='lat' dir='ltr'><strong>numeros</strong></span> <span class='ocrx_word' id='word_1_221' title='bbox 506 3059 692 3132; x_wconf 88' lang='lat' dir='ltr'><strong>antiquaque</strong></span> <span class='ocrx_word' id='word_1_222' title='bbox 707 3074 796 3119; x_wconf 87' lang='lat' dir='ltr'><strong>sacra</strong></span> <span class='ocrx_word' id='word_1_223' title='bbox 810 3065 921 3118; x_wconf 82' lang='lat' dir='ltr'><strong>reverti</strong></span> 
     </span>
     <span class='ocr_line' id='line_1_35' title="bbox 167 3139 810 3217; baseline -0.002 -17"><span class='ocrx_word' id='word_1_224' title='bbox 167 3139 303 3201; x_wconf 88' lang='lat' dir='ltr'><strong>Sustinet</strong></span> <span class='ocrx_word' id='word_1_225' title='bbox 316 3142 346 3201; x_wconf 95' lang='lat' dir='ltr'><strong>in</strong></span> <span class='ocrx_word' id='word_1_226' title='bbox 361 3143 452 3203; x_wconf 89' lang='lat' dir='ltr'><strong>tantis</strong></span> <span class='ocrx_word' id='word_1_227' title='bbox 467 3143 590 3217; x_wconf 89' lang='lat' dir='ltr'><strong>hospita</strong></span> <span class='ocrx_word' id='word_1_228' title='bbox 603 3139 693 3201; x_wconf 85' lang='lat' dir='ltr'><strong>Musa</strong></span> <span class='ocrx_word' id='word_1_229' title='bbox 707 3142 810 3201; x_wconf 86' lang='lat' dir='ltr'><strong>malis!</strong></span> 
     </span>
     <span class='ocr_line' id='line_1_36' title="bbox 121 3223 1058 3299; baseline 0.001 -17"><span class='ocrx_word' id='word_1_230' title='bbox 121 3223 185 3283; x_wconf 90' lang='lat' dir='ltr'><strong>Sed</strong></span> <span class='ocrx_word' id='word_1_231' title='bbox 206 3239 307 3299; x_wconf 90' lang='lat' dir='ltr'><strong>neque</strong></span> <span class='ocrx_word' id='word_1_232' title='bbox 326 3226 374 3287; x_wconf 91' lang='lat' dir='ltr'><strong>cui</strong></span> <span class='ocrx_word' id='word_1_233' title='bbox 395 3227 534 3298; x_wconf 88' lang='lat' dir='ltr'><strong>recitem,</strong></span> <span class='ocrx_word' id='word_1_234' title='bbox 558 3225 720 3299; x_wconf 87' lang='lat' dir='ltr'><strong>quisquam</strong></span> <span class='ocrx_word' id='word_1_235' title='bbox 742 3231 802 3297; x_wconf 91' lang='lat' dir='ltr'><strong>est,</strong></span> <span class='ocrx_word' id='word_1_236' title='bbox 826 3240 895 3285; x_wconf 86' lang='lat' dir='ltr'><strong>mea</strong></span> <span class='ocrx_word' id='word_1_237' title='bbox 916 3223 1058 3296; x_wconf 75' lang='lat' dir='ltr'><strong>camina,</strong></span> 
     </span>
     <span class='ocr_line' id='line_1_37' title="bbox 80 3306 1058 3385; baseline 0 -19"><span class='ocrx_word' id='word_1_238' title='bbox 80 3314 117 3374; x_wconf 72' lang='lat' dir='ltr'><strong>eo</strong></span> <span class='ocrx_word' id='word_1_239' title='bbox 166 3306 301 3369; x_wconf 86' lang='lat' dir='ltr'><strong>Auribus</strong></span> <span class='ocrx_word' id='word_1_240' title='bbox 317 3310 448 3385; x_wconf 88' lang='lat' dir='ltr'><strong>accipiat</strong></span> <span class='ocrx_word' id='word_1_241' title='bbox 462 3307 676 3368; x_wconf 88' lang='lat' dir='ltr'><strong>verbaLatina</strong></span> <span class='ocrx_word' id='word_1_242' title='bbox 690 3307 764 3367; x_wconf 90' lang='lat' dir='ltr'><strong>suis.</strong></span> <span class='ocrx_word' id='word_1_243' title='bbox 924 3308 992 3385; x_wconf 92' lang='lat' dir='ltr'><strong>[nec</strong></span> <span class='ocrx_word' id='word_1_244' title='bbox 1008 3307 1058 3383; x_wconf 90' lang='lat' dir='ltr'><strong>qui</strong></span> 
     </span>
     <span class='ocr_line' id='line_1_38' title="bbox 122 3389 1018 3468; baseline 0.002 -20"><span class='ocrx_word' id='word_1_245' title='bbox 122 3389 196 3466; x_wconf 88' lang='lat' dir='ltr'><strong>lpse</strong></span> <span class='ocrx_word' id='word_1_246' title='bbox 209 3391 315 3452; x_wconf 81' lang='lat' dir='ltr'><strong>milii...</strong></span> <span class='ocrx_word' id='word_1_247' title='bbox 332 3394 406 3468; x_wconf 92' lang='lat' dir='ltr'><strong>quid</strong></span> <span class='ocrx_word' id='word_1_248' title='bbox 420 3394 499 3454; x_wconf 89' lang='lat' dir='ltr'><strong>enim</strong></span> <span class='ocrx_word' id='word_1_249' title='bbox 516 3392 682 3452; x_wconf 78' lang='lat' dir='ltr'><strong>laciamt...</strong></span> <span class='ocrx_word' id='word_1_250' title='bbox 697 3391 863 3466; x_wconf 86' lang='lat' dir='ltr'><strong>scriboque</strong></span> <span class='ocrx_word' id='word_1_251' title='bbox 876 3391 1018 3466; x_wconf 87' lang='lat' dir='ltr'><strong>legoque,</strong></span> 
     </span>
     <span class='ocr_line' id='line_1_39' title="bbox 164 3473 804 3550; baseline 0 -17"><span class='ocrx_word' id='word_1_252' title='bbox 164 3473 301 3550; x_wconf 87' lang='lat' dir='ltr'><strong>Tutaque</strong></span> <span class='ocrx_word' id='word_1_253' title='bbox 315 3475 429 3538; x_wconf 91' lang='lat' dir='ltr'><strong>iudicio</strong></span> <span class='ocrx_word' id='word_1_254' title='bbox 445 3477 542 3538; x_wconf 88' lang='lat' dir='ltr'><strong>littera</strong></span> <span class='ocrx_word' id='word_1_255' title='bbox 555 3481 661 3536; x_wconf 82' lang='lat' dir='ltr'><strong>nostra</strong></span> <span class='ocrx_word' id='word_1_256' title='bbox 675 3490 732 3536; x_wconf 88' lang='lat' dir='ltr'><strong>sno</strong></span> <span class='ocrx_word' id='word_1_257' title='bbox 748 3481 804 3535; x_wconf 87' lang='lat' dir='ltr'><strong>est.</strong></span> 
     </span>
    </p>
   </div>
   <div class='ocr_carea' id='block_1_3' title="bbox 0 0 1164 3960">
    <p class='ocr_par' dir='ltr' id='par_1_3' title="bbox 0 0 1164 3960">
     <span class='ocr_line' id='line_1_40' title="bbox 0 0 1164 3960; baseline 0 0"><span class='ocrx_word' id='word_1_258' title='bbox 0 0 1164 3960; x_wconf 95' lang='lat' dir='ltr'><strong> </strong></span> 
     </span>
    </p>
   </div>
  </div>
 </body>
</html>
