2318 3960
366 205 423 278 IV,
447 202 481 278 8,
505 202 626 279 37-9,
649 203 699 267 19.
979 200 1038 268 187

55 365 92 424 ta
107 357 210 433 thue
220 373 279 419 nee
291 359 332 419 ad
344 358 498 430 citharam,
511 373 568 416 nee
580 358 620 417 ad
631 373 734 418 areum
747 354 851 432 segnis
857 357 972 433 Apollo
983 363 1040 428 est,

152 440 216 504 Sed
231 443 313 503 venit
327 442 367 502 ad
382 457 488 502 saeuas
504 457 618 502 nervus
632 448 763 515 uterque
781 456 900 514 manus,

110 524 163 587 Sie
177 522 233 586 tibi
246 540 304 586 nee
318 526 416 599 desti,
432 540 490 585 nee
505 526 616 585 desunt
633 525 781 601 principis
797 531 889 597 artes,

151 609 248 669 Mixta
260 610 319 670 sed
333 615 382 670 est
396 609 496 669 animo
513 625 580 669 curn
595 611 669 668 love
683 609 773 669 Musa
787 613 849 668 tuo.

111 692 195 767 Quae
210 693 354 768 quoniam
368 708 429 754 nee
441 708 499 752 nos
513 693 598 754 unda
612 691 776 752 summovit
789 691 828 752 ab
842 691 902 765 illa,

55 784 95 838 80
148 777 269 852 Ungula
285 776 439 852 Gorgonei
455 793 547 852 quarn
561 791 639 836 cava
654 777 724 836 lecit
738 774 819 851 equi,

110 859 225 935 Prosit,
241 875 398 936 opemque
411 862 490 920 ierat
504 860 676 921 eommunia
689 875 778 920 saera
791 859 876 931 tueri,

153 945 256 1020 Atque
270 945 369 1005 isdem
390 944 500 1005 studiis
515 945 693 1020 inposuisse
707 959 843 1004 menum:

111 1029 215 1089 Litora
229 1029 341 1104 pellitis
356 1028 479 1089 nimium
495 1028 632 1091 subiecta
647 1028 775 1090 Corallis

154 1112 193 1174 Ut
208 1113 331 1172 tandem
346 1128 459 1174 saevos
475 1112 682 1189 effugiamque
697 1112 803 1172 Getes:

57 1209 96 1263 aa
114 1196 286 1272 Clausaque
300 1197 327 1256 si
342 1196 454 1258 misero
471 1198 568 1273 patria
583 1203 644 1269 est,
660 1202 695 1256 ut
708 1211 808 1271 ponar
822 1193 853 1253 in
870 1193 931 1267 illo,

155 1279 211 1354 Qui
224 1281 325 1342 minus
341 1281 481 1342 Ausonia
494 1282 586 1342 distet
600 1279 638 1340 ab
652 1279 751 1354 Urbe,
766 1281 846 1352 loeo,

111 1365 201 1425 Unde
215 1370 283 1425 tuas
298 1365 418 1439 possim
431 1367 540 1427 laudes
556 1364 712 1425 celebrare
725 1367 864 1422 recentes
903 1384 906 1388 “

152 1448 327 1525 Magnaque
342 1465 433 1524 quam
447 1450 568 1509 minima
584 1451 664 1508 lacta
677 1447 792 1507 referre
808 1460 903 1506 mora.

112 1535 230 1607 Tangat
247 1540 282 1593 ut
295 1531 355 1593 hoe
369 1539 474 1592 votum
489 1533 648 1605 caelestia,
665 1546 735 1590 care
750 1529 845 1600 Suilli,

60 1623 97 1679 90
152 1616 295 1691 Numina,
311 1631 493 1693 prosocero
509 1631 608 1696 paene
622 1629 750 1692 precare
764 1621 827 1675 tuo.

56 1799 100 1894 t.
156 1836 406 1897 annicius.

116 1915 209 2014 Unde
224 1952 308 2028 licet,
323 1968 385 2013 non
399 1953 482 2014 uude
497 1954 594 2026 iuvat,
611 1953 772 2026 Graecine,
789 1954 918 2014 salutem

156 2036 245 2097 Mittit
259 2036 297 2096 ab
316 2036 444 2097 Euxinis
460 2037 539 2096 hane
552 2036 605 2096 tibi
619 2037 702 2098 Naso
717 2037 817 2097 vadis.

114 2120 287 2195 Missaque,
303 2121 473 2194 dilaniant,
489 2136 630 2181 auroram
645 2127 784 2181 occurrat
802 2121 842 2180 ad
856 2119 946 2194 illam,

156 2204 208 2264 Bis
224 2220 318 2265 senos
333 2205 436 2265 fasces
452 2220 534 2280 quae
553 2204 607 2264 tibi
622 2203 719 2280 prima
735 2203 833 2264 debita

86 2297 104 2349 5
118 2288 172 2360 Ut,
190 2288 334 2363 quoniam
348 2288 416 2349 sine
434 2303 483 2347 me
496 2294 604 2364 tanges
621 2287 769 2363 capitolia
783 2288 890 2348 consul

154 2371 192 2431 Et
205 2372 277 2431 liam
289 2371 397 2433 turbae
409 2388 482 2447 pars
498 2387 555 2446 ego
570 2373 744 2446 milletune,

114 2456 147 2513 ln
163 2455 278 2514 domini
293 2455 401 2515 subeat
416 2462 519 2530 partes
536 2462 565 2514 et
579 2462 714 2531 praestet
729 2455 818 2515 amiei

154 2537 296 2598 Officium·
308 2539 388 2600 iusto
403 2539 501 2599 littera
515 2546 619 2599 nostra
634 2539 693 2599 die.

115 2622 218 2698 Atque
236 2637 294 2696 ego
309 2622 337 2682 si
356 2623 426 2683 latis
441 2622 560 2698 genitus
578 2621 754 2683 melioribus
769 2637 871 2682 essem

66 2723 101 2774 10
154 2705 193 2764 Et
206 2720 275 2765 mea
290 2706 411 2766 sincero
425 2713 559 2766 curreret
575 2721 634 2764 axe
648 2713 724 2776 rota,

117 2788 182 2862 Quo
196 2805 278 2848 nune
292 2797 398 2850 nostra
412 2806 519 2850 manus
535 2789 751 2865 perscriptum
766 2789 912 2863 iungitur,
928 2795 1010 2850 esset

158 2872 275 2947 Lingua
289 2875 440 2934 salutandi
454 2889 579 2934 munere
593 2874 695 2933 funeta
709 2871 766 2932 tui:
830 2889 833 2892 ⁴

117 2954 322 3032 Gratatusque
336 2959 441 3017 darem
455 2972 524 3017 eum
539 2956 678 3017 dulcibus
694 2956 801 3017 osenla
814 2955 926 3030 verbis,

157 3040 225 3122 Nee·
237 3041 337 3101 minus
351 3041 402 3100 itte
416 3057 518 3116 meae,
535 3057 626 3117 quam
640 3047 725 3113 tuus,
742 3044 826 3100 esset
837 3039 946 3100 honor.

66 3136 100 3189 15
115 3123 187 3196 llln,
202 3125 366 3197 confiteor,
382 3124 429 3185 sle
442 3139 546 3186 essem
559 3126 628 3185 luee
644 3121 806 3201 superbus,

156 3207 198 3268 Ut
211 3212 336 3283 saperet
350 3209 446 3270 fastus
461 3208 513 3268 vix
528 3209 640 3268 domus
653 3209 716 3269 ulla
729 3222 831 3269 meost

115 3289 256 3365 Dumque
270 3292 349 3352 latus
364 3292 461 3352 saneti
478 3291 570 3365 cingit
585 3290 636 3351 tibi
648 3291 736 3352 turba
751 3296 885 3367 senatus,

157 3372 298 3435 consulis
314 3383 383 3435 ante
399 3375 496 3450 pedes
511 3375 554 3434 ire
569 3381 670 3434 tuerer
686 3390 798 3450 equesz

117 3455 154 3515 Et
169 3472 352 3533 quamquam
366 3473 509 3534 euperem
524 3472 648 3534 semper
658 3456 711 3515 tibi
725 3456 885 3531 proximus
899 3471 980 3526 esse,
