2318 3960
100 211 161 279 114
500 210 554 270 EX
576 209 726 271 PONTO

181 364 318 428 Adiuvat
331 365 361 424 in
378 364 458 424 bello
475 368 602 438 pacatae
618 378 722 423 ramus
739 363 856 424 olivae:

222 448 363 509 Proderit
375 452 532 508 auctorem
547 446 634 521 pacis
650 445 764 506 habere
778 445 877 506 nihilo

182 534 254 594 cnm
270 535 348 593 foret
361 533 487 591 Aeneae
503 530 608 589 cervix
622 529 761 590 subiecta
776 531 904 606 parenti,

223 616 338 677 Dicitur
356 616 428 691 ipsa
440 614 507 673 viro
523 613 646 673 flamma
661 614 788 675 dedisse
801 614 900 674 viam:

129 708 164 762 35
179 701 249 763 Fert
264 699 341 760 liber
352 697 537 770 Aeneaden,
558 705 588 758 et
602 713 664 756 non
679 697 736 758 iter
749 713 840 759 ornne
860 697 1000 774 patebit?

223 785 265 845 At
278 783 395 860 patriae
408 789 497 857 pater
510 781 577 856 hie,
598 781 698 856 ipsius
716 781 769 842 ille
789 781 852 842 luit.

180 868 296 943 Ecquis
311 868 353 927 ita
366 874 414 927 est
428 866 547 936 audax,
563 871 598 926 ut
611 865 715 924 limine
737 873 827 941 cogat
841 866 928 926 abire

222 953 386 1012 lactantem
400 949 510 1009 Pharia
525 949 641 1009 tinnula
654 949 747 1009 sistra
759 957 875 1010 manue

179 1037 259 1096 Ante
273 1037 365 1096 deum
378 1035 506 1094 Matrem
520 1049 617 1093 cornu
632 1033 743 1093 tibicen
758 1034 879 1094 adunco

129 1127 165 1180 40
221 1120 293 1181 Cum
309 1119 404 1194 canit,
419 1118 549 1193 exiguae
565 1117 633 1191 quis
648 1118 737 1192 stipis
753 1133 825 1177 aem
844 1124 957 1192 negat?
1005 1112 1008 1117 ’

183 1203 302 1264 Scimus
318 1203 356 1263 ab
371 1203 500 1278 imperio
516 1201 584 1261 lieri
599 1201 641 1260 nil
659 1203 720 1261 tale
734 1201 866 1262 Dianae:

223 1288 312 1347 Unde
327 1295 427 1347 tamen
441 1288 539 1358 vivat,
559 1285 742 1346 vaticinator
754 1285 856 1344 habet
914 1337 916 1340 A

180 1373 254 1446 Ipsa
273 1379 398 1431 movent
412 1370 532 1430 animos
548 1384 732 1445 supemrum
746 1369 872 1430 nuniina
885 1378 1023 1446 nostros,

222 1456 324 1530 Turpe
338 1471 396 1515 nec
412 1461 460 1514 est
473 1454 527 1514 tali
544 1453 724 1513 credulitate
740 1454 820 1528 capi.
920 1496 922 1500 .

128 1545 163 1599 to
177 1539 238 1609 En,
260 1554 319 1614 ego
335 1555 391 1613 pro
408 1538 501 1599 sistro
515 1537 702 1616 Phrygiique
717 1536 865 1598 foramine
879 1537 955 1599 buxi

224 1620 328 1682 Gentis
342 1622 445 1682 Iuleae
459 1622 582 1681 nomina
597 1627 704 1681 sanctu
718 1621 795 1681 lero.

181 1705 341 1765 vaticinor
359 1721 544 1780 moneoque.
577 1707 678 1765 locum
693 1705 764 1765 date
783 1719 874 1766 saera
888 1703 1012 1766 lerenti!

222 1789 289 1849 Non
305 1789 393 1865 mihi,
408 1789 466 1850 sed
480 1805 590 1864 magno
612 1789 749 1864 poscitur
768 1788 818 1848 ille
838 1788 908 1850 deo.

181 1875 244 1934 Nee
260 1874 333 1948 quia
348 1876 396 1934 vel
415 1874 526 1947 merui,
551 1874 599 1933 vel
616 1873 703 1932 sensi
714 1872 863 1948 principis
879 1873 965 1946 iram,

130 1964 165 2018 50
220 1960 250 2018 A
263 1959 354 2020 nobis
369 1958 472 2035 ipsum
486 1959 569 2018 nolle
585 1964 689 2034 putate
704 1957 773 2017 coli.

182 2042 254 2101 Vidi
267 2057 326 2117 ego
342 2043 488 2118 linigerae
505 2057 616 2102 numen
630 2041 768 2101 violasse
783 2041 928 2101 latentem

223 2126 317 2186 Isidis
332 2127 449 2186 Isiacos
470 2132 540 2185 ente
555 2125 666 2186 sedere
680 2125 781 2185 focos.

183 2211 283 2282 Alter,
301 2209 339 2268 ob
355 2209 426 2270 huic
440 2209 570 2269 similem
585 2208 721 2283 privatus
737 2208 850 2269 lumine
865 2208 996 2284 culpam,

167 2325 176 2339 ·
223 2291 379 2352 clamabat
392 2293 494 2353 media
508 2309 543 2352 sc
557 2291 708 2352 meruisse
722 2292 783 2351 via.

131 2383 165 2435 55
180 2377 265 2436 Talia
281 2377 432 2438 caelestes
447 2377 514 2436 lieri
531 2376 698 2451 praeconia
713 2377 856 2450 gaudent,

222 2461 262 2521 Ut
276 2476 335 2519 sua
351 2460 426 2534 quid
445 2460 568 2521 valeant
583 2459 721 2531 numine,
737 2467 816 2520 teste
831 2456 972 2534 probent.

182 2543 284 2618 Saepe
297 2545 400 2605 levant
416 2560 535 2620 poenas
553 2547 720 2618 ereptaque
739 2543 854 2603 lumina
869 2543 1010 2615 reddunt,

225 2628 298 2687 Cum
317 2627 397 2687 bene
414 2629 532 2703 peccati
553 2626 742 2702 paenituisse
758 2627 874 2686 vident.

179 2710 330 2785 Paenitet,
351 2719 386 2772 0!
407 2712 524 2786 siquid
543 2711 725 2771 miserorum
740 2710 875 2771 ereditur
892 2710 958 2784 ulli,

131 2801 167 2855 60
222 2795 372 2869 Paenitet,
388 2803 418 2856 et
434 2797 515 2856 lacto
530 2802 677 2869 torqueor
691 2794 759 2869 ipse
778 2810 859 2854 meo.

183 2880 320 2957 Cumque
335 2881 375 2940 sit
389 2880 528 2950 exilium,
545 2879 644 2953 magis
662 2885 711 2940 est
729 2877 801 2938 mihi
822 2877 914 2953 culpa
933 2875 1049 2938 dolori·

222 2965 340 3038 Estque
356 2965 419 3039 pati
438 2978 587 3038 poenam,
608 2978 700 3036 quam
715 2961 883 3035 meruisse,
902 2960 1015 3021 minus.

181 3048 221 3108 Ul
240 3048 312 3106 mihi
330 3048 360 3107 di
376 3050 514 3119 faveant,
536 3045 649 3122 quibus
666 3051 715 3105 est
730 3045 921 3130 manifestior
940 3045 1028 3118 Ipsca

224 3131 327 3192 Poena
342 3138 446 3207 potest
460 3130 557 3202 demi,
574 3129 665 3204 culpa
681 3129 826 3203 perennis
847 3128 913 3188 erit.

131 3221 165 3275 65
179 3213 263 3274 Mors
281 3215 372 3274 faciet
391 3222 486 3287 certe,
503 3230 542 3273 ne
559 3212 632 3287 sim,
648 3227 716 3272 curn
735 3211 867 3284 venerit,
884 3211 970 3270 exul:

224 3298 268 3357 Ne
289 3313 349 3357 non
369 3298 538 3374 peccarim,
553 3311 637 3356 mors
655 3311 779 3370 quoque
795 3310 857 3356 non
872 3293 973 3355 faciet.

182 3383 248 3442 Non
269 3380 360 3455 igitur
378 3382 498 3453 mirum,
520 3381 547 3442 si
563 3394 651 3440 mens
664 3395 734 3438 mea
751 3377 856 3439 tabida
875 3377 958 3439 laeta

224 3467 270 3527 lle
285 3464 357 3526 nive
372 3465 522 3526 manantis
537 3479 623 3526 more
642 3461 784 3538 liquescit
803 3476 912 3538 aquae.
