2318 3960
100 187 158 252 186
489 188 549 249 tx
569 188 716 250 Ponto

180 343 243 403 Sed
258 342 326 417 qui,
342 358 433 417 quam
448 342 554 417 potuit,
571 342 624 402 dat
637 341 778 416 maxima,
796 347 901 418 gratus
915 341 1044 404 abunde
1055 347 1100 416 att

220 427 258 487 Et
271 427 362 487 linem
378 427 475 502 pietas
491 425 617 500 contigit
630 425 682 484 illa
695 442 795 486 suum.

179 512 257 585 Nec,
274 524 353 584 quae
367 511 407 570 de
422 525 519 585 parva
538 522 657 585 pauper
670 509 719 568 dis
733 509 808 570 libat
820 524 937 584 acerra,

129 604 164 657 lo
218 596 298 654 Tura
312 594 426 667 minus,
441 593 550 669 grandi
566 608 657 668 quam
673 593 744 653 data
759 594 861 667 lance,
877 594 993 656 valent

178 680 329 754 Aguaque
347 685 407 737 tam
423 678 555 751 lactens,
572 692 663 752 quam
677 678 814 752 gramine
828 684 918 753 pasta
931 677 1053 741 Falisco

218 763 349 823 Victima
362 762 510 837 Tarpeios
525 761 619 821 inlicit
635 762 695 820 icta
709 761 807 821 locos.

178 847 240 906 Nec
258 853 359 905 tamen
375 846 478 906 ollicio
497 851 600 906 vatum
614 860 670 920 per
685 845 820 904 carmina
835 845 916 905 lacto

216 929 406 1005 Principibus
421 945 472 989 res
486 935 534 989 est
550 929 664 1004 gratior
676 930 739 989 ulla
753 929 838 989 viris.

131 1019 165 1073 45
180 1014 319 1074 Carmina
333 1020 505 1074 vestrarum
521 1020 669 1089 peragunt
683 1012 851 1088 praeconia
864 1013 999 1088 laudum,

216 1099 301 1158 Neve
315 1097 354 1158 sit
372 1104 510 1158 actorum
524 1098 606 1157 lama
620 1097 753 1172 caduca,
769 1103 889 1157 cavent.

180 1182 316 1241 carmine
331 1181 366 1241 tlt
378 1181 472 1241 vivax
487 1182 599 1254 virtus,
616 1195 792 1256 expersque
806 1179 963 1256 sepulchri
1021 1172 1030 1185 '

218 1266 361 1326 Notitiam
376 1281 464 1326 serae
478 1265 665 1341 posteritatis
680 1263 782 1324 habet.

177 1348 292 1410 Tabida
307 1349 458 1411 consumit
472 1350 583 1410 lerrum
598 1347 793 1423 lapidemque
806 1354 955 1420 vetustas,

128 1434 164 1486 50
216 1434 365 1509 Nullaque
379 1448 430 1494 res
446 1433 544 1493 malus
559 1439 698 1508 tempore
711 1431 806 1493 robur
819 1431 922 1493 habet.

180 1515 298 1593 Scripta
312 1519 413 1577 larunt
424 1522 533 1577 annos.
563 1516 686 1592 scriptis
701 1517 935 1592 Agamemnona
949 1516 1040 1592 nosti,

217 1601 255 1661 Et
270 1600 409 1676 quisquis
425 1607 531 1660 contra
545 1600 594 1660 vel
609 1601 698 1661 simul
713 1616 798 1660 arma
810 1601 886 1660 tulit.

179 1684 252 1758 Quis
267 1683 387 1744 Thebas
403 1690 583 1759 septemque
597 1685 693 1744 duces
709 1685 776 1744 sinc
792 1683 927 1744 camnine
939 1691 1058 1760 nosset,

218 1769 257 1828 lta
271 1768 416 1844 quicquid
432 1768 606 1843 posthaec,
624 1769 769 1844 quicquid
785 1775 817 1829 et
835 1774 905 1828 ante
920 1769 997 1830 luitt

128 1862 162 1914 55
176 1853 212 1912 lli
227 1868 351 1928 quoquc
367 1852 564 1927 cmmlnibus,
580 1852 607 1912 si
622 1852 669 1912 las
689 1859 737 1912 est
752 1852 870 1925 dicere,
886 1852 973 1927 liunt

217 1935 372 2013 Tantaque
386 1939 531 1998 maiestas
547 1952 601 1996 ore
614 1937 752 1997 canentis
767 1940 846 2011 egat.

178 2020 229 2081 Sic
243 2021 344 2082 chaos
360 2037 399 2082 ex
414 2022 465 2082 illa
480 2028 605 2081 naturae
618 2022 699 2081 mole
713 2020 826 2096 prioris

215 2104 372 2181 Digestum
386 2114 489 2182 partes
510 2106 624 2166 scimus
638 2103 754 2164 habere
768 2117 863 2166 suasa

178 2187 229 2249 Sic
243 2189 433 2250 adfectantes
450 2189 595 2249 caelestia
608 2203 703 2263 regua
719 2188 864 2264 Gigantas

127 2275 161 2329 60
213 2273 264 2333 Ad
279 2272 375 2350 Styga
388 2271 548 2334 nimbifero
563 2272 693 2333 vindicis
708 2272 778 2348 igne
793 2273 898 2333 datos=

177 2355 228 2416 Sic
243 2358 340 2417 victor
358 2357 479 2418 laudem
494 2357 649 2431 superatis
663 2354 755 2417 Liber
768 2356 807 2416 ab
822 2356 916 2429 Indis,

216 2441 343 2502 Alcides
358 2449 447 2517 capta
461 2442 553 2502 traxit
566 2440 603 2500 ab
620 2438 772 2502 Oechalia.
1021 2510 1024 2517 Ι

175 2525 212 2584 Et
227 2527 335 2598 modo,
352 2525 482 2600 caesar,
498 2542 603 2599 avum,
620 2541 710 2601 quem
726 2524 821 2585 virtus
836 2523 955 2585 addidit
968 2524 1069 2600 astris,

217 2609 381 2670 Sacrorum
395 2609 498 2684 aliqua
513 2610 647 2670 carmina
660 2615 746 2685 parte
761 2615 856 2670 tuum.

128 2691 162 2746 6⁵
177 2693 286 2769 Siquid
300 2694 400 2754 adhuc
414 2695 504 2769 igitur
517 2694 594 2768 vivi,
611 2692 807 2768 Germanice,
822 2698 928 2754 nostro

216 2780 322 2839 Restat
335 2779 366 2839 in
380 2777 518 2854 ingenio,
533 2778 648 2838 serviet
662 2794 752 2838 omne
766 2776 830 2837 tibi.

175 2863 241 2924 Non
256 2870 345 2938 potes
365 2861 500 2924 cilicium
515 2863 594 2922 vatis
611 2870 805 2924 contemnere
817 2867 923 2922 uatem

216 2947 333 3007 Iudicio
349 2947 478 3022 pretium
493 2962 543 3007 res
557 2946 649 3006 habet
664 2947 723 3007 ista
735 2954 799 3008 tuo.
904 2958 908 2963 ·

175 3030 262 3103 Quod
276 3032 336 3093 nisi
350 3040 380 3091 te
394 3046 506 3091 nomen
520 3037 636 3091 tantum
650 3031 690 3090 ad
705 3031 821 3090 maiora
835 3037 990 3104 vocasset,

124 3119 159 3175 ⁷0
214 3114 315 3176 Gloria
333 3115 485 3176 Pieridum
500 3131 618 3175 summa
632 3116 750 3176 futurus
771 3129 850 3175 cras.

175 3196 237 3257 Sed
252 3200 326 3259 dare
341 3200 497 3260 materiam
511 3199 616 3273 nobis,
635 3215 727 3272 quam
744 3196 895 3272 carmina,
910 3197 1025 3259 mausz

214 3281 277 3342 Nec
292 3290 391 3344 tamen
405 3300 445 3344 ex
459 3290 522 3343 toto
539 3283 683 3342 deserere
696 3282 748 3343 illa
766 3289 867 3359 potes.

174 3364 248 3424 Nam
261 3368 354 3427 modo
369 3367 449 3431 bella
463 3367 561 3442 geris,
577 3363 711 3427 numeris
725 3367 818 3428 modo
832 3362 930 3426 verba
943 3378 1079 3437 coerces,

216 3449 364 3527 Quodque
378 3451 445 3512 aliis
461 3467 540 3526 opus
556 3456 618 3523 est,
634 3449 695 3511 hoc
708 3448 763 3510 tibi
778 3451 866 3510 lusus
883 3444 949 3509 erit.
