2318 3960
416 221 445 298 1,
466 217 643 284 aarum.
994 220 1064 287 ett-

102 354 153 420 13.
178 355 364 418 anteit)
400 353 451 417 14.
471 356 950 418 FENn1us·v1r10s·1rx·s·
967 373 997 417 c·

125 474 232 535 Idibus
247 473 278 533 in
293 471 396 548 magni
412 478 515 532 castus
530 472 614 532 lovis
630 473 708 533 aede
723 475 872 535 sacerdos

169 557 346 620 semimaris
361 555 493 616 flammis
508 556 630 616 viscera
644 556 718 617 libat
732 557 816 618 evisa

125 642 321 718 Redditaque
335 640 480 701 immunis·
492 642 609 716 populo
626 641 785 716 provincia
799 649 914 717 nostro,

10 712 13 741 ¹
53 737 108 792 690
163 727 201 786 Et
215 732 285 788 tuus
299 725 440 799 Augusto
456 725 579 784 nomine
594 725 693 785 dictus
708 741 796 785 avus.

10 873 11 879 χ
125 810 253 886 Perlege
267 808 437 883 dispositas
453 823 606 884 generosa
622 825 677 891 per
692 809 768 870 atria
782 824 888 870 cerasa

170 893 368 969 contigerunt
381 892 455 952 nulli
469 891 594 952 nomina
608 899 692 953 tanta
704 893 782 952 viro.

125 977 232 1038 Africa
244 976 392 1037 victorem
407 977 446 1036 de
462 982 609 1038 sevocat.
638 977 713 1036 atter
724 977 858 1052 Isauras,

169 1063 231 1122 Aut
248 1061 366 1122 cretum
382 1059 514 1120 domitas
529 1061 708 1121 testificatur
722 1075 816 1136 opes:

55 1154 109 1210 595
123 1145 212 1206 Hunc
226 1144 374 1206 Numidae
390 1144 517 1217 iaciunt,
540 1144 622 1204 iilum
635 1143 781 1204 Messana
794 1144 975 1220 superbumz

169 1230 224 1289 lile
237 1228 419 1289 Numantina
432 1229 524 1289 traxit
539 1229 577 1288 ab
592 1227 667 1287 urbe
681 1233 793 1288 notam.

127 1313 166 1373 Et
184 1318 311 1376 mortem
326 1319 357 1371 et
371 1328 481 1373 nomen
495 1312 597 1372 Druso
614 1311 775 1372 Germania
790 1312 870 1372 iecit.

15 1467 19 1473 g
170 1396 221 1456 Me
236 1397 396 1470 miserum,
413 1397 511 1456 virtus
527 1413 619 1471 quam
634 1396 738 1457 brevis
755 1396 806 1455 ilia
820 1396 887 1456 tuit!

129 1481 164 1544 Si
179 1486 262 1557 petat
276 1497 295 1540 a
309 1480 408 1555 victis,
425 1487 470 1542 tot
484 1487 583 1541 sumat
597 1480 720 1540 nomina
732 1480 853 1553 Caesar,

55 1574 110 1630 660
168 1564 247 1639 Quot
260 1580 387 1625 numero
402 1570 510 1640 gentes
525 1565 675 1625 maximus
691 1563 774 1625 orbis
789 1563 890 1623 habet.

128 1648 175 1709 Ex
191 1665 253 1710 uno
270 1648 396 1723 quidam
411 1644 548 1708 celebres
563 1656 615 1712 aut
629 1648 746 1724 torquIs
762 1647 907 1723 adempti,

171 1734 235 1793 Aut
250 1730 335 1792 cervi
348 1732 452 1793 titulos
468 1732 625 1793 auxiliaris
640 1731 761 1792 habent.

129 1816 256 1890 Magne,
278 1822 364 1876 tuum
377 1830 489 1876 nomen
501 1832 602 1876 rerum
617 1824 665 1877 est
678 1831 822 1876 mensura
835 1821 969 1874 tuarumz

174 1898 235 1960 Sed
253 1900 305 1974 qui
320 1906 349 1960 te
363 1899 449 1973 vicit,
465 1900 589 1960 nomine
601 1900 698 1959 maior
713 1907 786 1960 erat.

56 1990 110 2050 aaa
125 1983 189 2044 Nec
202 1983 317 2058 gradum
331 1990 379 2044 est
392 1984 471 2044 nitra
484 1983 597 2045 Fabios
613 1983 803 2058 cognominis
819 1984 914 2043 ullus=

173 2067 229 2127 illa
243 2068 353 2128 domus
369 2068 484 2127 meritis
499 2067 632 2127 Maxima
647 2067 728 2127 dieta
742 2066 816 2126 suis.

131 2151 196 2214 Sed
215 2156 316 2210 tamen
330 2150 471 2211 humanis
487 2151 678 2212 celebrantur
692 2150 861 2211 honoribus
877 2128 1022 2210 omnes]

175 2233 231 2294 Hic
246 2235 364 2296 socium
379 2252 497 2298 summo
513 2252 581 2298 curn
595 2235 669 2298 Iove
684 2250 795 2295 nomen
809 2232 909 2293 habet.

132 2318 246 2381 Sancta
257 2326 373 2382 vocant
387 2327 516 2396 augusta
532 2328 643 2397 patres.
674 2325 805 2396 augusta
817 2323 965 2378 vocantur

59 2414 114 2470 616
169 2403 297 2479 Templa
311 2405 506 2465 sacerdotum
520 2405 576 2466 rite
591 2406 692 2465 dicata
706 2421 807 2464 manu.

132 2487 229 2547 Huius
243 2494 274 2547 et
287 2489 447 2563 augurium
462 2489 617 2565 dependet
632 2489 749 2565 origine
763 2487 858 2559 verbi,

173 2571 213 2632 Et
227 2573 445 2648 quodcumque
459 2590 516 2634 sua
530 2573 667 2649 Iuppiter
681 2578 774 2647 auget
788 2587 859 2648 ope.

131 2656 253 2730 Augeat
266 2656 426 2734 imperium
440 2659 536 2718 nostri
552 2658 655 2730 ducis,
675 2663 785 2732 augeat
803 2670 911 2727 annos,

173 2738 316 2814 Protegat
330 2748 361 2802 et
373 2746 496 2802 vestras
512 2757 629 2817 querna
643 2754 759 2801 corona
773 2740 866 2801 iores.

58 2832 112 2889 615
126 2822 379 2901 Auspicibusque
395 2827 462 2886 deis
477 2826 550 2886 tanti
562 2823 753 2901 cognominis
768 2823 858 2883 heres

176 2905 282 2970 Omine
297 2910 446 2987 suscipiat
461 2926 522 2985 quo
541 2916 634 2985 pater,
652 2907 735 2968 orbis
752 2921 840 2967 onus.
866 2975 887 3012 Δ

463 3041 512 3105 15.
533 3044 558 3103 G
581 3043 671 3103 CAR

133 3161 290 3237 Respiciet
302 3159 387 3220 Titan
404 3167 488 3221 aetas
502 3159 554 3220 ubi
569 3158 675 3219 tertius
690 3157 773 3229 idus,

175 3243 262 3305 Fient
275 3243 457 3304 Parrhasiae
476 3256 568 3304 sacra
580 3243 677 3302 relata
692 3241 779 3301 deae.

134 3327 209 3388 Nam
224 3328 310 3405 prius
326 3327 483 3390 Ausonias
497 3332 611 3388 matres
630 3331 775 3401 carpenta
788 3321 955 3384 vehebant=

57 3419 113 3473 620
169 3411 254 3472 Haec
269 3427 393 3486 quoque
408 3410 446 3472 ab
460 3411 596 3472 Euandri
611 3410 692 3470 dicta
707 3413 834 3486 parente
849 3421 929 3466 reor.

133 3493 206 3557 Mox
220 3495 321 3556 honor
335 3495 477 3573 eripitur,
493 3502 692 3575 matronaque
708 3492 840 3554 destinat
853 3489 952 3552 omnls
