2318 3960
134 229 193 296 [28
521 231 581 293 EX
604 229 752 293 PONTO

251 385 378 462 Nosque
393 400 488 462 negas
503 385 564 446 ulla
579 391 665 462 parta
680 383 777 444 luisse
791 391 876 448 tuost

212 469 311 545 idque
325 470 365 531 sit
379 476 413 530 ut
425 485 542 544 verum,
565 467 690 528 mentito
705 468 868 544 ignoscere
882 466 992 535 debes

163 565 198 618 2⁰
253 554 299 614 Nil
314 552 408 614 demit
421 553 504 612 laudi
517 552 614 627 gloria
628 557 735 613 nostra
749 559 830 612 tuae.

212 637 285 713 Quis
301 653 336 697 se
351 636 534 697 Caesaribus
550 642 642 696 notus
657 649 718 694 non
733 636 820 712 lingit
834 637 987 699 amicumt

248 721 295 780 Da
308 720 429 780 veniam
446 720 542 780 lasse.
572 726 604 780 tu
618 718 690 778 mihi
707 718 820 780 caesar
834 737 915 782 eras.

210 805 273 866 Nee
287 811 387 865 tamen
402 805 553 880 inrumpo,
575 820 637 879 que
652 820 714 864 non
729 804 868 865 licetine.
898 805 1040 885 sausque
1053 818 1108 887 est,

249 889 335 948 Atria
354 887 380 947 si
397 888 486 948 nobis
501 904 563 948 non
579 886 717 963 patuisse
733 903 840 963 negas.

160 983 195 1035 25
209 974 309 1048 thue
323 971 375 1031 tibi
391 972 480 1033 inerit
492 987 611 1032 meeum
626 971 700 1031 nihil
713 972 855 1049 amplius,
876 989 940 1034 unu

248 1056 364 1132 Nempe
379 1056 530 1130 salutaris,
555 1071 646 1131 quam
660 1055 756 1130 prius,
777 1071 831 1117 ora
845 1056 957 1118 minus.

204 1142 267 1201 Nec
281 1148 351 1201 tuus
368 1146 416 1200 est
430 1138 551 1214 genitur
564 1154 623 1198 nos
638 1138 791 1200 inficiatus
807 1141 935 1216 amicas,

247 1224 392 1284 Hortator
406 1224 499 1284 studii
514 1238 673 1297 causaque
687 1223 803 1299 faxque
817 1223 890 1284 mei:

204 1308 256 1369 Cui
272 1323 330 1369 nos
346 1313 377 1367 et
388 1308 540 1381 lacrimas,
562 1322 740 1382 supremum
753 1307 784 1366 in
800 1309 907 1368 funere
922 1324 1044 1385 munus,

156 1400 193 1456 30
246 1393 284 1452 Et
298 1391 440 1452 dedimus
455 1392 557 1452 medio
573 1391 687 1467 scripta
702 1390 843 1451 canenda
858 1392 938 1452 loro.

202 1476 293 1535 Adde
309 1475 393 1550 quod
408 1483 456 1536 est
470 1476 571 1550 irater,
593 1481 676 1534 tanto
695 1473 749 1534 tibi
764 1474 887 1536 iunctus
902 1493 1018 1552 amare,

245 1559 380 1633 Quantus
395 1558 427 1618 in
440 1559 556 1618 Atridis
570 1558 818 1635 Tyndaridisque
833 1559 904 1621 inita

204 1644 234 1702 ls
249 1656 298 1701 me
312 1657 369 1701 nec
384 1643 525 1702 comitem
540 1657 597 1702 nec
612 1642 795 1719 dedignatus
813 1643 944 1704 amicum
959 1651 1023 1706 est:

248 1724 280 1785 Si
297 1732 397 1786 tamen
414 1725 491 1785 haec
506 1726 624 1786 illinon
640 1727 778 1787 nocitura
792 1733 891 1803 putas.

155 1818 190 1872 35
206 1809 237 1870 Si
254 1809 363 1884 minus,
385 1809 445 1871 hac
461 1825 584 1884 quoque
598 1825 647 1870 me
661 1810 841 1870 mendaeem
856 1819 944 1887 parte
958 1811 1089 1874 fatebor.

246 1893 355 1953 Clausa
370 1893 442 1952 mihi
456 1894 559 1970 potius
574 1900 638 1954 tota
652 1894 764 1954 sitista
778 1894 899 1956 domus.

203 1977 266 2038 Sed
280 1992 382 2053 neque
397 1978 569 2038 claudenda
583 1984 639 2050 est,
661 1984 691 2037 et
704 1977 786 2037 nulla
800 1978 938 2054 potentia
951 1979 1036 2040 vires

243 2060 432 2132 Praestandi,
455 2077 494 2120 ne
510 2061 585 2137 quid
600 2067 708 2136 peccet
722 2059 848 2135 amicus,
871 2061 974 2122 habet.

202 2146 239 2204 Et
253 2152 354 2204 tauwn
374 2152 406 2204 ut
416 2160 565 2220 cuperem
580 2145 701 2219 culpam
717 2160 842 2220 quoque
855 2160 953 2220 posse
968 2150 1086 2226 negari,

155 2239 191 2292 iu
245 2227 297 2288 Sic
312 2227 431 2287 lacinus
446 2243 535 2288 nemu
551 2229 650 2289 nescit
664 2230 777 2289 abesse
791 2228 873 2288 mihi.

204 2311 292 2385 Quod
307 2311 366 2370 nisi
382 2311 483 2372 delicti
498 2327 571 2386 pars
586 2312 773 2373 excusabilis
788 2319 880 2385 esset,

244 2394 342 2454 Parva
356 2395 485 2470 relegari
500 2410 602 2471 poena
616 2397 715 2457 lutura
730 2397 794 2458 luit.
820 2400 824 2408 '

203 2478 274 2552 lpse
288 2477 345 2537 sed
359 2477 419 2538 huc
434 2479 518 2553 vidit,
540 2481 591 2553 qui
606 2479 745 2555 pervidet
762 2481 872 2554 omnia,
895 2480 1018 2555 caesar,

244 2560 406 2622 Stultitiam
421 2563 481 2623 diei
496 2563 623 2622 crimina
636 2579 732 2639 posse
746 2579 829 2623 meae

152 2653 185 2704 45
202 2645 328 2720 Quaque
343 2660 401 2721 ego
416 2646 550 2722 permisi,
574 2662 696 2723 quaque
711 2654 758 2708 est
771 2663 822 2707 res
837 2661 942 2722 passa,
963 2645 1110 2724 pepercit,

242 2729 325 2790 Usus
340 2737 370 2790 et
385 2737 433 2790 cst
446 2730 566 2790 modice
581 2730 714 2791 fulminis
730 2731 800 2806 igne
814 2729 872 2792 sui.

200 2813 262 2873 Nec
278 2815 378 2888 vitam,
400 2829 459 2874 nec
474 2829 560 2890 opes,
583 2830 640 2875 nec
654 2815 769 2875 ademit
783 2828 879 2890 posse
892 2814 1015 2890 reverti,

242 2896 273 2956 Si
290 2914 348 2957 sua
362 2913 418 2973 per
430 2905 550 2958 vestras
565 2899 647 2958 vieta
660 2899 700 2959 sit
713 2899 759 2959 ira
774 2912 893 2974 preces.

200 2981 241 3042 Αι
255 2982 388 3056 graviter
402 2981 510 3042 cecidi.
544 2981 621 3055 Quid
637 2982 716 3042 enirn
730 2981 877 3056 mirabile,
897 2980 925 3040 si
941 2982 1011 3057 quis

150 3072 185 3124 50
239 3066 268 3124 Α
281 3066 356 3126 love
371 3081 540 3143 percussus
557 3083 616 3127 non
632 3068 701 3127 leve
716 3069 828 3127 vulnus
846 3062 960 3125 habeti

199 3148 271 3222 lpse
287 3166 359 3209 suas
375 3151 466 3209 etiam
482 3149 563 3209 vires
579 3149 727 3210 inhiberet
739 3150 886 3223 Achilles

240 3232 336 3292 Missa
350 3234 453 3308 gravis
468 3234 546 3293 ictus
560 3233 659 3294 Pelias
674 3234 763 3295 hasta
777 3233 878 3294 dabat.

198 3313 346 3376 Iudicium
362 3318 451 3377 nobis
466 3317 557 3392 igitur
571 3333 639 3378 cum
655 3317 785 3378 vindicis
800 3316 889 3391 adsit,

238 3397 305 3460 Non
320 3406 368 3461 est
381 3418 435 3462 eur
448 3410 500 3462 tua
514 3416 563 3461 me
577 3402 667 3462 ianua
682 3417 776 3463 nosse
791 3407 891 3477 neget.

147 3490 182 3544 56
197 3480 283 3544 culta
298 3482 428 3561 quidem,
450 3487 555 3559 fateor,
579 3485 661 3561 eitra,
686 3501 777 3562 quam
792 3484 905 3559 debuit,
928 3483 1053 3546 illaesa.
