2318 3960
381 221 437 290 iv,
461 218 498 296 s,
517 220 616 298 o-a,
637 219 690 284 ao.

60 411 101 424 -
156 372 284 449 indigus
297 369 425 432 effeetus
440 372 581 433 omnibus
596 373 664 449 ipse
680 375 786 450 magis.

63 473 100 527 4⁶
113 457 169 517 lile
181 455 359 532 iugurthino
374 456 475 517 clarus
490 455 672 530 Cimbroque
685 458 847 535 triumpho,

158 539 224 614 Quo
238 538 347 599 victrix
362 537 475 600 totiens
491 541 620 600 consule
632 541 731 600 Roma
744 542 807 616 tuit,

114 626 149 683 In
166 638 262 683 caeno
276 622 361 682 latuit
374 621 489 684 Marius
505 639 665 700 cannaque
680 626 829 699 palustri,

155 706 279 767 Pertulit
293 712 323 765 et
336 711 420 765 tanto
435 709 528 767 mutto
543 707 689 782 pudenda
706 708 784 767 viro.

114 790 205 850 Ludit
217 790 248 849 in
262 789 403 849 humanis
419 788 523 851 divina
537 790 673 867 potentia
685 790 788 864 rebus,

64 891 101 942 50
155 875 193 934 Et
208 879 321 934 cenom
335 887 485 948 praesens
499 875 552 934 vix
567 874 659 934 habet
672 873 749 934 hora
763 874 864 935 fidem.

114 959 210 1018 ‘Litus
225 957 266 1017 ad
278 957 442 1016 Euxinum’
458 958 484 1018 si
500 960 568 1034 quis
582 958 654 1017 mihi
670 958 784 1018 diceret
798 960 877 1034 ibis,

154 1041 192 1102 Et
206 1048 338 1115 metues,
353 1055 427 1100 areu
441 1058 480 1102 ne
495 1043 604 1102 feriare
619 1041 735 1115 Getae,’

115 1127 154 1199 Ἰ,
170 1124 254 1184 bibe’
269 1125 416 1184 dixissem
432 1128 610 1202 ‘purgantes
628 1131 755 1200 pectora
769 1140 872 1200 sucos,

157 1208 307 1284 Quicquid
323 1213 353 1267 et
367 1209 397 1266 in
411 1214 475 1268 tote
489 1211 623 1270 nascitur
635 1210 805 1286 Anticyra!

64 1303 97 1355 55
114 1293 186 1355 Sum
203 1299 302 1353 tamen
317 1291 395 1352 bueo
411 1308 533 1367 passus.
562 1307 635 1365 neo,
650 1292 677 1351 si
693 1291 831 1351 mortalia
843 1306 980 1368 possem,

151 1376 191 1436 Et
205 1375 313 1436 summi
329 1381 466 1450 poteram
479 1378 540 1438 tela
554 1390 664 1437 cavere
679 1376 737 1435 dei.

111 1461 156 1520 Tu
171 1475 294 1536 quoque
309 1460 358 1518 tao
371 1458 495 1536 timeas,
512 1468 542 1521 et
556 1475 636 1537 quaa
650 1458 703 1519 tibi
718 1459 797 1519 laetu
810 1459 959 1533 videntur,

153 1544 234 1604 Dum
252 1543 404 1617 loqueris,
420 1542 486 1604 fleri
501 1545 599 1606 tristia
613 1558 708 1619 posse
723 1551 805 1618 puta.

58 1731 101 1823 i·
151 1761 298 1824 snxro
327 1761 545 1823 roureio.

116 1844 211 1944 Nulla
225 1882 293 1942 dies
308 1880 387 1943 adeo
403 1889 451 1942 est
463 1881 646 1942 australibus
661 1882 786 1942 humida
800 1882 920 1956 nimbis,

153 1967 221 2026 Non
235 1965 416 2026 intermissis
430 1970 465 2025 ut
478 1963 554 2024 fluat
567 1964 665 2024 imber
678 1967 778 2042 aquis.

109 2050 171 2109 Neo
192 2049 304 2110 sterilis
319 2051 406 2109 iocus
421 2049 502 2108 ullus
518 2048 635 2123 ineest,
650 2055 759 2109 utnon
775 2049 813 2110 sit
828 2050 924 2109 inrito

152 2134 248 2193 Mixta
262 2134 326 2193 iera
341 2132 424 2191 duris
440 2131 520 2192 utitis
535 2130 631 2191 herba
644 2131 737 2193 rubis

83 2223 100 2272 5
114 2217 161 2275 Nil
176 2217 254 2277 adeo
270 2217 392 2277 fortuna
407 2216 511 2290 gravis
525 2216 699 2275 miserabile
714 2217 793 2290 iecit,

154 2301 195 2362 Ut
211 2300 347 2361 minuunt
361 2300 444 2359 nulia
458 2299 572 2374 gaudia
586 2305 673 2375 parte
687 2300 809 2360 malum.

111 2384 193 2444 Eece
208 2383 301 2444 domo
316 2384 476 2458 patriaque
490 2397 598 2443 carens
614 2384 775 2459 oculisque
788 2399 935 2458 meorum,

153 2467 324 2542 Naufragus
340 2466 370 2525 in
388 2466 483 2527 Getici
498 2466 595 2526 litoris
611 2474 698 2528 auius
713 2484 820 2542 aquas,

113 2551 179 2626 Qua
192 2557 293 2611 tamen
309 2549 412 2609 inveni
427 2550 542 2609 vultum
556 2549 728 2611 diffundere
742 2567 838 2611 eausa

62 2638 97 2690 10
150 2633 293 2708 Possem,
309 2634 449 2694 fortunae
464 2649 522 2693 neo
536 2634 713 2694 meminisse
728 2650 825 2693 meae,

111 2718 187 2777 Nam
201 2718 275 2777 mihi
291 2734 359 2778 oum
375 2717 460 2776 fulva
472 2716 567 2777 tristis
582 2717 732 2792 spatiarer
746 2732 847 2791 meno,

153 2802 229 2862 Visa
245 2807 293 2861 est
307 2818 325 2860 a
339 2807 425 2875 tergo
440 2799 534 2875 pinna
549 2800 675 2861 dedisse
690 2816 810 2861 sonum.

111 2886 266 2961 Respioio.
304 2900 362 2945 nec
377 2899 490 2959 corpus
506 2891 585 2958 erat,
602 2884 685 2959 quod
699 2898 824 2944 eernere
838 2899 965 2959 possem

153 2969 257 3029 Verba
268 2975 370 3029 tamen
385 2973 456 3027 sunt
470 2968 547 3027 bueo
561 2984 634 3027 aure
648 2975 772 3043 recepta
786 2983 869 3026 menz

59 3065 94 3118 15
109 3055 167 3113 ‘En
183 3069 240 3129 ego
256 3054 403 3113 laetarum
416 3051 507 3111 venio
522 3051 576 3111 tibi
591 3053 695 3111 nuntia
707 3066 809 3112 rerum

150 3136 259 3211 Fama,
275 3152 332 3211 per
345 3136 501 3195 inmensas
516 3138 587 3194 obre
601 3135 690 3210 lupsa
709 3134 787 3194 vius.

110 3221 244 3283 Consule
257 3219 421 3294 Pompeio,
437 3233 498 3295 quo
513 3233 575 3278 non
590 3217 643 3277 tibi
659 3217 759 3278 oarior
773 3216 856 3289 alter,

152 3304 307 3366 Candidus
322 3308 352 3363 et
367 3302 440 3362 ielix
454 3302 613 3377 proximus
628 3317 727 3362 annus
742 3300 822 3360 erit?

109 3388 207 3461 Dixit,
224 3394 254 3448 et
267 3394 301 3448 ut
315 3388 394 3448 laeto
408 3384 536 3446 Pontum
549 3400 673 3446 rumore
687 3383 825 3461 replevit,

60 3481 96 3533 20
151 3472 203 3534 Ad
218 3478 325 3547 gentas
341 3470 416 3531 aiios
430 3468 502 3531 hius
516 3470 576 3530 dea
588 3469 678 3531 vertit
691 3468 755 3531 iter.
778 3546 835 3612 w
