2318 3960
377 227 432 301 ΙΙΙ,
454 225 490 301 t,
513 226 632 301 11-5‚
654 225 683 290 7.
994 229 1036 293 48

10 356 22 421 3
104 380 264 456 Bosporos
281 385 310 438 et
321 375 435 439 Tanais
450 387 597 454 superant
613 379 820 457 Scythiaeque
834 381 963 457 paludes

10 507 13 515 ι
56 475 92 528 oo
145 462 206 524 Vix
220 464 296 523 satis
311 469 342 521 et
356 462 419 522 noti
434 462 558 522 nomina
572 478 672 537 pauca
685 463 754 523 loci.

108 546 242 607 Ulterius
257 543 329 604 nihil
344 552 392 606 est
406 545 465 604 nisi
480 561 542 606 non
558 545 724 606 habitabile
738 547 843 622 frigus.

150 630 219 690 Heu
236 643 326 704 quam
341 628 442 688 vicina
456 634 503 688 est
516 629 621 688 ultima
635 636 716 689 terra
729 630 817 689 mihil

10 710 13 715 '
108 717 149 772 At
163 715 253 788 longe
267 712 364 786 patria
378 720 433 786 est
449 714 540 786 longe
555 713 714 772 carissima
729 714 870 787 coniunx,

151 795 301 871 Quicquid
314 795 435 855 ethaeo
451 796 540 857 nobis
556 803 628 870 post
641 797 702 856 duo
718 796 807 857 dulce
822 798 885 859 luit.

58 889 93 940 5⁵
109 879 160 940 Sic
175 887 275 939 umen
289 879 366 938 haec
380 879 501 953 adsunt,
516 887 549 939 ut
564 895 643 954 quae
659 880 835 955 contingere
850 897 910 942 non
927 888 973 940 est

150 962 294 1038 Corpore,
311 963 372 1023 sint
385 963 485 1022 auimo
502 970 611 1023 cuncta
624 963 759 1023 videnda
773 980 851 1026 meo.

108 1047 189 1107 Aule
204 1049 312 1108 oeulos
329 1054 431 1106 errant
446 1047 565 1119 domus,
581 1045 654 1105 urbs
670 1053 700 1105 et
714 1048 812 1107 forma
825 1048 971 1122 locorum,

150 1129 374 1204 Amuliumque
387 1131 453 1192 suis
469 1130 591 1204 singula
605 1130 684 1189 iacta
698 1131 785 1190 loeis.

110 1214 256 1289 Coniugis
271 1220 340 1274 ante
355 1215 473 1287 oculos,
489 1212 568 1275 sicut
581 1215 762 1289 praesentis,
777 1214 877 1289 imago
893 1222 949 1275 est.

56 1298 93 1354 tio
148 1299 202 1357 llla
216 1313 302 1359 meos
318 1311 410 1357 casus
424 1298 572 1372 ingravat,
586 1297 638 1356 illa
652 1297 747 1356 levat:
894 1303 1038 1369 [amorem

109 1381 250 1456 ingravat
269 1380 344 1453 hoe,
367 1382 452 1456 quod
471 1381 567 1440 abest.
602 1380 684 1440 levat
703 1380 777 1454 hoc,
800 1381 884 1455 quod
905 1388 1039 1456 praestat

147 1464 380 1538 inpositumque
394 1464 454 1523 sibi
468 1465 556 1524 firma
571 1469 670 1523 tuetur
685 1479 774 1524 onus.

109 1549 177 1607 Vos
194 1562 319 1623 quoque
334 1547 510 1622 pectoribus
526 1546 640 1607 nostris
655 1546 796 1622 haeretis,
812 1546 909 1621 amici,

150 1630 259 1690 Dicere
275 1647 354 1706 quos
370 1631 460 1706 cupio
476 1631 598 1691 nomine
611 1645 767 1706 quemque
778 1645 846 1692 suo.

58 1727 93 1781 65
109 1712 171 1774 Sed
186 1713 274 1774 tImor
287 1713 422 1779 officium
441 1721 549 1775 cautus
565 1715 741 1789 compescit,
757 1721 787 1774 et
801 1713 889 1790 ipsos

151 1798 185 1857 ln
200 1806 305 1860 nostro
322 1797 394 1872 poni
410 1798 544 1857 carmine
558 1799 640 1858 nolle
654 1803 738 1872 pulo.

109 1881 190 1941 Ante
204 1880 363 1956 volebatis,
379 1881 519 1956 gratique
533 1889 599 1941 erat
612 1881 708 1940 instar
721 1880 859 1953 honoris,

151 1965 302 2024 Versibus
316 1965 347 2024 in
362 1965 474 2025 nostris
489 1965 612 2024 nomina
626 1970 729 2023 restro
744 1965 813 2038 legi.

112 2046 200 2120 Quod
215 2048 358 2123 quoniam
372 2055 422 2108 cst
436 2062 560 2122 anceps,
575 2047 653 2106 iutro
667 2061 736 2105 urea
749 2053 877 2120 pectora
889 2060 1040 2122 quemque

58 2136 95 2192 lo
148 2131 317 2207 Adloquor,
331 2139 363 2192 et
376 2131 449 2190 nulli
465 2147 560 2191 causa
573 2129 690 2189 timoris
706 2144 769 2189 ero.

110 2213 172 2273 Nec
187 2230 273 2274 meus
289 2214 401 2275 iudicio
416 2214 568 2275 latitantes
583 2228 692 2274 versus
708 2213 823 2273 unicos

149 2295 307 2358 Protrahit.
331 2300 450 2358 occulte
467 2297 567 2372 siquis
584 2297 711 2370 amubat,
727 2303 816 2356 amet.

105 2379 188 2439 Scite
201 2386 310 2454 tamen,
329 2382 468 2456 quamvis
484 2383 575 2456 longa
588 2380 715 2454 regione
728 2388 863 2441 remotus

151 2462 266 2537 Absim,
280 2479 338 2524 vos
354 2464 454 2524 auimo
470 2479 593 2539 semper
607 2464 720 2524 adesse
734 2479 814 2524 meo.

60 2553 94 2609 io
107 2546 147 2606 Et
162 2563 253 2620 quam
269 2547 400 2623 quisque
416 2554 525 2622 potest,
541 2549 644 2622 aliqua
658 2549 738 2606 mala
752 2555 859 2607 nostra
874 2547 979 2618 levate,

152 2629 258 2689 Fidam
273 2631 411 2706 proiecto
427 2647 506 2691 neve
520 2637 631 2707 negate
644 2647 776 2690 manum.

112 2713 265 2791 Prospera
279 2712 325 2775 sie
340 2721 461 2775 maneat
474 2713 564 2774 vobis
579 2714 709 2782 fortuna,
724 2727 783 2774 uec
797 2727 943 2788 umquam

153 2793 288 2857 contacti
304 2797 393 2857 simili
408 2805 492 2858 sorte
507 2797 620 2871 rogetis
635 2796 724 2854 idem.

47 2926 89 3018 5ο
111 2922 197 3021 Usus
212 2962 362 3043 amicitiae
375 2969 475 3023 tecum
491 2963 562 3022 mihi
578 2978 701 3038 parvus,
716 2968 749 3021 ul
764 2962 843 3020 illam

152 3042 219 3103 Non
235 3059 327 3120 aegre
340 3062 454 3122 posses
468 3047 670 3118 dissimulare,
687 3044 748 3117 luit,

113 3125 148 3184 lli
164 3142 212 3186 me
227 3131 406 3204 complexus
422 3130 529 3190 vinclis
545 3126 741 3204 propioribus
758 3141 847 3186 esses

152 3209 237 3270 Nove
250 3227 319 3272 mea
332 3221 433 3287 vento,
450 3215 564 3285 lorsan,
580 3218 670 3272 eunte
685 3226 752 3272 suo.

75 3301 93 3354 o
107 3290 148 3353 Ut
162 3293 269 3369 cecidi,
285 3298 447 3372 cunctique
461 3302 542 3356 metu
555 3296 662 3370 iurgare
676 3293 802 3363 ruinam,

156 3375 318 3454 versaque
332 3381 481 3440 amicitiae
495 3387 582 3455 terga
594 3378 708 3438 dedere
723 3392 818 3449 meae,

113 3465 218 3520 Ausus
235 3475 269 3521 es
285 3461 354 3536 igne
368 3463 450 3523 lovis
467 3477 649 3537 percussum
663 3468 787 3535 tangere
803 3474 916 3534 corpus
