2318 3960
98 208 161 274 308
426 271 431 278 ,
488 208 740 270 FASTORUM

116 371 170 426 lto
225 363 325 440 thue
340 378 397 438 ego
413 360 470 422 sol)
486 367 583 420 terras
600 360 852 436 sanguinulentus
866 372 938 422 east

180 447 282 509 Noluit
296 448 355 507 hoo
370 448 471 507 irater.
502 445 600 518 pietas
616 443 754 519 aequalis
768 445 800 504 in
814 445 865 506 illo
880 454 938 506 est.

223 532 311 605 Quod
327 528 439 606 pontit,
454 529 596 587 lacrimas
609 527 749 589 manibus
765 529 816 589 ille
830 529 924 589 dedit.

180 614 269 675 Hune
283 631 342 675 vos
359 630 415 690 per
433 614 590 685 lacrimas,
606 627 662 687 per
676 618 780 672 vestra
795 612 938 673 alimenta
951 622 1068 691 rogate,

223 699 264 758 Ut
279 698 430 758 celebrem
444 703 549 756 nostro
565 695 665 770 signet
678 695 796 756 honore
810 696 913 756 diem?

118 784 169 839 tte
182 780 376 841 Mandantem
391 779 533 854 amplecti
549 779 675 854 eupiunt
689 786 719 839 et
731 779 876 840 braooltia
888 781 1024 842 tendunt

220 865 351 925 Lubrica
366 869 547 939 prensantes
564 862 670 937 effugit
683 863 792 922 umbra
804 879 924 925 manua.

177 950 218 1009 Ut
232 963 336 1008 seeum
352 947 472 1022 fugiens
487 962 617 1006 somnos
630 947 757 1008 abduxit
770 946 880 1023 imago,

220 1032 270 1091 Ad
284 1047 389 1107 regem
402 1045 498 1090 voees
514 1031 615 1091 fratris
630 1039 759 1106 uterque
774 1031 885 1092 lerunt

177 1117 326 1177 Romulus
341 1114 532 1189 obsequitur,
549 1116 711 1190 lucemque
725 1115 870 1176 Remuria
886 1114 959 1177 dieit

115 1207 167 1261 480
222 1200 321 1274 lllam,
338 1215 399 1274 qua
413 1199 523 1273 positis
537 1199 618 1259 iusta
632 1199 767 1259 lemntur
780 1198 857 1260 avis.

177 1285 299 1358 Aspera
314 1287 428 1344 mumta
443 1289 491 1341 est
504 1282 534 1341 in
549 1283 648 1341 lenem
662 1290 801 1357 tempore
814 1283 908 1357 longo

220 1368 346 1441 Littera,
363 1381 442 1441 quae
456 1372 520 1426 toto
539 1366 663 1426 nomine
677 1367 776 1440 prima
789 1367 853 1426 luit.

178 1450 252 1512 Mox
266 1450 357 1510 etiam
371 1453 503 1510 lemures
520 1451 637 1510 animas
653 1450 760 1510 dixere
779 1451 929 1510 silentum.

221 1535 278 1594 Hie
294 1549 406 1594 sensus
424 1533 525 1607 verbi,
540 1534 588 1594 vis
604 1550 642 1593 ea
656 1535 749 1594 vocis
760 1541 833 1594 erat.

115 1619 165 1672 485
179 1617 263 1678 Fano
278 1626 379 1678 tamen
393 1624 516 1677 vetares
531 1618 592 1678 illis
610 1619 750 1678 elausere
764 1617 882 1688 diebus,

220 1703 260 1762 Ut
274 1717 355 1761 nuno
370 1701 456 1760 ferali
472 1708 610 1776 tempore
624 1708 732 1776 operta
746 1702 845 1762 vides.

178 1785 241 1844 lieo
256 1786 367 1846 viduae
382 1784 481 1845 taedis
496 1785 604 1845 eadem
617 1801 675 1846 nee
691 1784 816 1859 virgInis
831 1791 905 1861 apta

220 1870 380 1945 Tempora.
410 1884 490 1944 quae
505 1871 622 1945 nupsit,
637 1884 699 1929 non
715 1869 857 1930 diuturna
871 1870 937 1930 fuit

178 1953 243 2012 Hae
260 1970 384 2029 quoque
399 1954 438 2013 de
453 1968 563 2027 eausa,
585 1954 611 2014 si
626 1960 656 2013 te
672 1953 835 2028 proverbia
849 1959 984 2030 tangunt,

116 2045 168 2098 490
223 2037 329 2098 Mense
344 2040 441 2097 malas
455 2037 537 2096 Maio
553 2038 667 2098 nubere
682 2039 792 2112 volgus
807 2037 858 2097 ait.

182 2121 245 2181 Sed
260 2128 360 2181 tamen
380 2121 458 2180 haee
471 2121 529 2180 tria
546 2129 618 2182 sunt
632 2120 690 2182 sub
711 2122 821 2182 eodem
837 2128 975 2198 tempore
990 2121 1068 2182 festa

220 2206 301 2265 lnter
319 2221 354 2265 se
370 2206 454 2265 nulla
469 2207 644 2266 continuata
659 2204 718 2265 die.
818 2230 825 2240 =

387 2402 437 2464 10.
459 2403 514 2463 BC
559 2403 608 2465 11.
633 2405 820 2466 ctttttlt

181 2537 314 2611 Quorum
329 2538 356 2598 si
373 2538 483 2600 mediis
499 2539 647 2601 Boeotum
666 2539 780 2600 Oriona
794 2558 936 2617 quaeres,

220 2621 328 2682 Falsus
344 2623 415 2682 eris.
446 2622 531 2697 Signi
546 2639 642 2685 eausa
656 2625 796 2684 canenda
811 2625 893 2686 milti.

70 2708 73 2716 '
115 2712 166 2766 495
181 2707 316 2781 luppiter
330 2713 361 2766 et
379 2707 440 2767 lato
456 2707 508 2781 qui
522 2717 630 2781 regnat
643 2709 674 2766 in
689 2723 825 2783 aequore
839 2710 933 2770 irater

221 2789 393 2864 Carpebant
406 2790 509 2850 socias
526 2790 758 2866 Mercuriusque
776 2792 851 2852 vias.

179 2873 313 2948 Tempus
329 2880 407 2947 emt,
427 2890 488 2947 quo
505 2889 597 2934 versa
611 2875 682 2949 iugo
697 2875 869 2936 referuntur
883 2881 994 2950 aratra,

221 2956 259 3016 tlt
274 2971 389 3031 pronus
407 2965 529 3017 saturae
544 2959 592 3018 lae
608 2957 683 3018 bibit
698 2975 795 3033 agnus
811 2960 889 3020 ovis.

179 3038 270 3100 Forte
284 3055 382 3099 senex
396 3040 544 3118 Hyrieus,
561 3041 680 3117 angusti
696 3043 794 3102 cultor
808 3043 908 3118 agelli,

117 3138 169 3190 500
224 3123 289 3183 Hos
304 3124 403 3198 videt,
419 3128 561 3199 exiguam
576 3125 677 3186 stabat
694 3133 728 3185 ut
741 3135 811 3188 ante
831 3143 945 3187 oasam.

178 3208 1108 3286 Atqueita‘Longaviaest,neotemporalongasupersttnt’

221 3291 304 3351 Dixit
317 3294 360 3350 ‘et
374 3291 549 3366 hospitibus
565 3294 656 3353 ianua
670 3300 775 3354 nostra
791 3297 898 3370 patet!
929 3297 931 3301 ‘

179 3374 307 3434 Addidit
321 3382 351 3434 et
364 3376 479 3437 voltum
494 3376 614 3450 verbis,
630 3377 800 3452 itemmque
821 3376 950 3453 rogavit

221 3457 331 3517 Parent
348 3461 526 3536 promissis,
542 3461 796 3537 dissimulantque
812 3463 899 3523 deos.
