2318 3960
97 215 161 281 als
479 214 735 310 FASTORUlll

225 372 365 445 Ingratos
379 368 461 428 nulla
475 368 562 445 prole
577 382 693 430 nouare
708 365 801 426 viros.

184 456 267 514 Neve
283 455 369 514 daret
383 460 505 529 partus,
527 454 589 514 ictu
602 450 762 513 temeraria
783 464 877 511 cacco

224 537 406 600 Visceribus
421 552 565 598 crescens
581 534 754 600 excutiebat
768 550 856 597 onus.

113 633 163 686 625
180 621 374 698 Corripuisse
388 628 492 696 patres
509 637 603 681 ausas
618 619 743 679 immitia
758 625 880 694 nuptas,

225 709 278 767 lus
294 714 395 765 tamen
411 712 586 779 exemptum
601 703 774 765 restituisse
790 704 898 765 lerunt

184 791 322 866 Binaque
337 805 418 849 nunc
432 790 547 864 pariter
567 788 725 863 Tegeaeae
740 802 832 847 sacra
845 785 966 863 parenti

225 874 283 934 Pro
302 873 406 949 pueris
421 873 488 933 fieri
505 872 738 948 virginibusque
752 872 883 932 iubent..

185 959 314 1024 Scortea
328 973 390 1017 non
405 957 447 1016 illi
462 957 509 1018 las
524 964 572 1017 est
586 957 698 1017 inferre
713 956 837 1028 sacello,

112 1053 164 1107 630
221 1043 265 1100 Ne
280 1041 396 1102 violent
410 1057 508 1117 puros
524 1041 696 1100 exanimata
710 1040 809 1101 locos.

183 1126 288 1200 Siquis
305 1141 391 1186 amas
404 1131 525 1185 veteres
539 1124 633 1198 ritus,
657 1124 775 1184 adsiste
789 1121 942 1199 precantia
975 1184 978 1190 A

224 1209 353 1269 Nomina
369 1209 521 1284 percipies
537 1225 599 1268 non
613 1207 668 1268 tibi
683 1214 756 1267 nota
770 1207 866 1282 prius.

182 1293 318 1354 Porrima
333 1294 472 1367 placatur
484 1291 722 1367 Postuertaque,
743 1290 811 1352 sive
826 1305 964 1366 sorores,

226 1376 298 1436 Sive
313 1378 405 1453 fugae
419 1375 556 1451 comites,
577 1375 709 1436 Maenali
724 1375 810 1451 diva,
830 1383 911 1436 tuae.
988 1441 991 1444 ⁴

114 1467 165 1521 636
181 1461 286 1520 Altera
302 1462 388 1536 quod
402 1476 496 1536 porro
513 1461 628 1532 luerat,
645 1459 796 1520 cecinisse
810 1465 949 1535 putatur:

224 1545 344 1618 Altera,
367 1560 529 1608 versurum
544 1545 710 1618 postmodo
727 1544 879 1618 quicquidv
889 1551 965 1618 erat.

540 1679 588 1740 16.
614 1679 671 1738 HC

183 1797 320 1857 Candida
334 1805 363 1856 te
378 1797 468 1857 niveo
486 1797 590 1872 posuit
605 1798 659 1857 lux
677 1797 818 1872 proxima
833 1798 959 1872 templo,

226 1881 292 1954 Qua
311 1881 367 1940 lert
382 1881 530 1940 sublimes
545 1883 607 1940 alta
619 1880 743 1940 Moneta
757 1880 889 1955 gradosa

50 2038 56 2046 q
182 1965 269 2025 Nunc
286 1964 367 2024 bene
387 1964 561 2040 prospicies
576 1964 701 2039 Latiam,
725 1964 911 2040 Concordia,
927 1964 1047 2027 turbam

112 2058 163 2111 616
219 2050 304 2108 Ν666
320 2055 349 2108 te
368 2055 507 2109 sacratae
522 2048 707 2109 constituere
723 2063 842 2109 manus.

182 2132 292 2193 Furius
307 2131 461 2206 antiquam
477 2132 585 2207 populi
600 2138 763 2205 superator
774 2131 897 2194 Etrusci

224 2217 375 2290 Voverat,
397 2221 427 2275 et
440 2215 504 2276 voti
518 2215 655 2275 solverat
669 2215 718 2275 illc
733 2214 836 2276 fidem.

184 2301 300 2374 Causa,
317 2301 436 2373 quoda
450 2299 588 2375 patribus
604 2300 734 2374 sumptis
750 2301 926 2361 secesserat
941 2301 1034 2362 armis

225 2381 362 2458 Volgus,
382 2391 413 2442 et
427 2382 496 2458 ipsa
514 2399 588 2445 3663
602 2385 703 2445 Roma
716 2382 841 2444 timebat
855 2399 934 2459 opes

113 2474 163 2532 616
181 2469 281 2529 Causa
294 2481 403 2527 recens
418 2467 535 2528 melior.
571 2483 686 2542 passos
702 2467 864 2528 Germania
879 2468 979 2529 crines

226 2551 355 2626 corrigit
374 2551 532 2627 auspiciis,
556 2551 620 2612 dux
635 2551 819 2626 venerande,
841 2552 912 2613 tuis.
959 2589 961 2593 ν

182 2637 258 2696 Inde
274 2635 476 2711 triumphatae
491 2636 592 2696 libasti
607 2651 734 2696 munera
748 2635 873 2711 gentis,

224 2719 413 2795 Templaque
427 2719 542 2794 iecisti,
565 2736 658 2793 quam
677 2719 754 2780 colis
769 2719 853 2794 ipse,
877 2720 964 2783 deae.

182 2805 267 2865 Haec
280 2809 332 2863 tua
347 2804 504 2864 constituit
517 2803 646 2877 genitrix
661 2808 692 2862 et
704 2803 799 2863 rebus
814 2811 845 2863 et
858 2819 920 2879 ara,

113 2896 166 2952 660
223 2887 297 2948 Sola
312 2895 379 2949 toro
395 2888 497 2962 magni
520 2887 613 2961 digna
626 2893 748 2962 reperta
762 2887 855 2948 Iovis.

317 3019 367 3083 17.
391 3022 449 3082 AC
479 3019 600 3082 18.Βο
630 3019 679 3082 19.
703 3021 754 3082 CC
780 3019 903 3082 abbe

348 3104 400 3165 at.
433 3105 488 3164 EC
535 3102 586 3165 22.
620 3103 673 3163 Fc
726 3103 777 3165 23.
813 3105 867 3166 GC

183 3224 267 3283 tlaeo
281 3223 336 3284 ubi
350 3222 539 3298 transierint,
563 3222 766 3298 capricorno,
781 3221 922 3298 Phoebe,
939 3224 1050 3285 relicto

226 3307 283 3366 Per
298 3306 418 3368 iuvenis
433 3322 538 3369 curres
554 3307 643 3381 signa
657 3306 791 3381 gerentIs
803 3323 930 3382 uquam.

185 3389 340 3464 Septimus
354 3389 425 3451 hinc
439 3390 543 3452 oriens
559 3406 627 3450 cum
642 3406 678 3451 se
694 3391 850 3452 demiserit
863 3389 966 3466 undis,

223 3471 365 3547 Fulgebit
379 3480 442 3535 toto
459 3474 519 3534 iam
532 3472 614 3552 Lyra
628 3473 712 3534 nulla
726 3474 810 3549 polo.
