2318 3960
98 217 141 280 64
495 212 722 276 TRISTIUM

184 370 257 430 Cum
274 369 384 430 cecidit
399 368 560 445 Capaneus
575 366 675 427 subito
690 364 870 426 temerarius
884 363 960 443 ictu,

224 454 291 514 Non
308 453 384 528 legis
398 451 548 513 Euadnen
564 450 725 511 erubuisse
740 449 816 510 viro.

137 543 171 598 65
184 538 246 598 Nec
261 537 332 613 quia
346 553 402 596 rex
416 536 521 595 mundi
536 534 727 609 compescuit
746 531 867 608 ignibus
880 530 984 612 mnes,

221 623 292 697 ipse
308 620 373 681 suis
387 618 543 678 Phaethon
558 618 735 678 infitiandus
749 623 824 676 erat

180 705 243 765 Nec
259 705 379 764 Semele
394 703 508 763 Cadmo
524 702 605 762 iacta
618 707 666 762 est
679 702 779 760 aliena
794 699 923 775 parenti,

223 789 310 862 Quod
325 786 467 863 precibus
483 786 571 861 periit
584 784 746 846 ambitiosa
760 784 837 845 suis.

181 871 243 931 Nec
258 871 319 944 tibi,
343 870 428 946 quod
443 870 545 930 saevis
560 885 618 945 ego
634 886 702 931 sum
716 868 799 929 Iovis
815 868 938 944 ignibus
952 869 1044 946 ictus,

136 963 171 1018 to
221 954 395 1030 Purpureus
409 955 492 1014 molli
507 954 560 1014 tint
574 954 605 1013 in
620 969 674 1013 ore
688 952 791 1013 rubor.

181 1038 243 1099 Sed
258 1039 355 1113 magis
370 1040 400 1099 in
416 1052 519 1098 curam
535 1038 631 1098 nostri
646 1050 800 1111 consurge
815 1036 928 1108 tuendi,

220 1123 462 1199 Exemplumque
475 1121 548 1181 mihi
564 1120 703 1196 coniugis
718 1127 784 1181 esto
798 1119 908 1192 bonne,

179 1205 398 1282 Materiemque
411 1206 471 1266 tuis
486 1207 602 1266 tristem
616 1205 777 1266 virtutibus
792 1203 901 1279 impie:

219 1290 325 1350 Ardua
340 1307 396 1365 per
410 1304 561 1366 praeceps
575 1289 675 1365 gioria
688 1288 782 1349 vadat
795 1288 860 1347 iter.

133 1377 167 1432 'lo
178 1373 310 1433 Hectora
325 1375 393 1449 quis
408 1379 524 1448 nosset,
545 1374 572 1434 si
589 1374 661 1435 ielix
674 1373 765 1432 Troia
780 1372 909 1432 tuissett

217 1457 340 1517 Publica
353 1458 470 1518 virtutis
487 1473 542 1532 per
555 1459 636 1517 mala
650 1457 731 1517 iacta
743 1456 795 1516 via
809 1463 865 1516 est

177 1541 238 1599 Ars
254 1547 313 1612 tun,
335 1541 444 1618 Tiphy,
465 1541 552 1616 iacet,
576 1541 678 1601 sinon
695 1540 779 1602 sitin
794 1553 931 1614 aequore
945 1536 1073 1602 fluctus.

221 1621 254 1684 Si
267 1624 557 1698 valeanthomines,
580 1641 629 1685 ars
644 1632 705 1698 tun,
728 1622 858 1695 Phoebe,
881 1630 982 1685 vacat.

179 1706 262 1779 Quae
276 1708 347 1767 latet
361 1709 454 1783 inque
470 1707 561 1770 bonis
576 1715 679 1770 cessat
693 1724 755 1769 non
771 1706 891 1783 cognite
905 1706 1012 1782 rebus,

129 1799 166 1852 80
213 1791 352 1865 Apparet
365 1792 461 1853 virtus
476 1792 671 1868 arguiturque
685 1792 785 1871 mai,-

176 1874 235 1934 Dat
250 1873 301 1933 tibi
316 1881 420 1936 nostra
434 1877 536 1937 iocum
549 1878 625 1938 tituli
640 1877 768 1950 iortuuu,
792 1880 946 1951 caputque

221 1959 425 2034 conspicuum
440 1960 538 2035 pietas
554 1977 615 2038 qun
628 1968 680 2021 tua
694 1960 787 2032 tollat,
811 1957 912 2019 habet.

176 2043 267 2104 Utere
282 2043 481 2119 temporibus,
505 2060 634 2120 quorum
649 2059 731 2105 nunc
745 2056 871 2104 munere
885 2042 955 2103 tritu
968 2052 1020 2106 est

215 2127 253 2188 Et
267 2133 350 2201 patet
364 2127 393 2185 in
409 2127 515 2188 laudes
531 2143 603 2188 area
617 2129 677 2188 luta
692 2133 775 2188 tuest

115 2259 157 2352 4ο
175 2257 204 2352 θ
221 2295 281 2370 qui,
304 2295 477 2356 nominibus
492 2310 561 2356 cum
575 2296 619 2356 sis
634 2310 803 2372 generosus
819 2314 956 2373 avorum,

216 2378 395 2454 Exsuperas
409 2392 526 2439 morum
541 2379 696 2441 nobilitate
710 2397 824 2456 genus:

177 2461 267 2521 Cuius
283 2460 362 2522 inest
376 2463 476 2524 animo
492 2464 582 2539 patrii
597 2464 740 2524 candoris
755 2465 865 2541 imago,

216 2544 282 2604 Nou
297 2551 399 2606 carent
413 2547 545 2608 numeris
562 2549 678 2608 candor
690 2555 723 2608 ut
737 2549 794 2609 iste
809 2549 889 2610 suis=

145 2627 265 2688 seuius
280 2628 310 2688 in
324 2629 445 2705 ingenio
461 2638 509 2691 est
523 2631 639 2706 patriae
654 2632 796 2693 iucundis
810 2633 939 2709 liuprae,

213 2711 277 2785 Qua
292 2713 376 2786 prior
390 2714 420 2774 in
435 2714 521 2775 Latio
536 2730 598 2774 non
614 2716 669 2776 tuit
681 2716 742 2776 ulia
758 2717 840 2777 ioro=

173 2794 260 2867 Quod
276 2796 397 2857 minime
411 2798 505 2871 volui,
524 2799 633 2874 positis
648 2800 841 2874 pronomine
855 2801 953 2878 signis

212 2878 317 2939 Dictus
333 2896 378 2940 es.
410 2881 555 2956 ignoscas
570 2883 711 2943 laudibus
727 2884 796 2959 ipse
810 2883 880 2945 tuis.

170 2961 218 3020 Nil
233 2978 290 3038 ego
307 2965 442 3037 peccavi.
478 2972 529 3026 tua
545 2972 573 3026 te
587 2965 670 3026 bona
684 2969 806 3044 cognita
820 2969 962 3044 produnt.

129 3056 162 3109 ie
213 3044 246 3106 Si
261 3047 345 3121 quod
359 3063 403 3121 es,
426 3064 568 3125 appares,
591 3051 681 3127 eulpa
695 3052 796 3113 solutu
809 3069 878 3113 mea
891 3061 950 3116 est

170 3126 232 3188 Nec
247 3134 347 3190 tamen
362 3132 494 3194 osticium
510 3141 616 3195 nostro
631 3135 684 3195 tibi
700 3136 833 3196 carmine
848 3137 960 3200 factm

210 3210 349 3289 Principe
363 3221 423 3278 tam
437 3219 516 3279 iusto
533 3233 629 3293 posse
643 3234 755 3281 nocere
771 3227 854 3296 puto.

165 3296 236 3372 ipse
250 3302 337 3371 pater
348 3302 464 3375 patriae
518 3302 592 3376 quid
606 3302 686 3363 enirn
702 3303 820 3366 civilius
834 3305 945 3367 ilict...

208 3377 344 3442 Sustinet
358 3383 387 3442 in
402 3392 507 3446 nostro
523 3386 656 3447 carmine
670 3403 766 3466 saepe
780 3389 849 3466 legi.

127 3472 159 3526 ts
170 3462 232 3524 Nec
246 3463 410 3538 prohibere
424 3474 534 3544 potest,
558 3470 630 3546 quia
642 3487 694 3532 res
709 3478 757 3534 est
769 3472 893 3550 publiea
908 3474 1033 3550 caesar.
