2318 3960
411 190 439 263 l,
463 190 498 265 2,
521 188 640 260 51-3.
664 189 714 251 15.

14 300 24 421 ,ἶ
117 345 179 406 Seu
195 341 294 419 magis
309 342 428 417 odistis,
445 341 549 402 iussae
564 356 612 400 me
624 341 773 403 advertite
788 348 901 403 terreat

14 456 19 493 ε
67 439 104 494 to
160 426 309 504 Supplloii
325 442 397 502 pars
412 431 461 485 est
475 426 504 484 in
519 425 644 499 regione
659 426 727 485 mei.

12 549 22 595 ἱ
116 513 235 573 Ferte...
252 509 326 586 quid
342 510 391 569 hio
405 509 536 569 lacior...
552 508 651 583 rapidi
666 524 734 568 mea
750 510 879 570 carbasa
892 510 991 572 ventit

12 648 15 659 .
160 595 318 656 Ausonios
334 594 412 653 lines
428 608 483 653 our
496 608 565 653 mea
579 593 650 651 vela
663 593 789 654 vidente

11 678 16 751 l
117 679 220 740 Noluit
233 679 292 738 hoo
308 678 431 738 Caesar.
469 676 562 751 Quid,
580 692 671 752 quem
686 677 770 752 lugat
784 678 850 752 ille,
866 678 997 739 tenetis?

159 762 301 837 Aspiciat
315 763 417 822 vultus
432 760 556 821 Pontica
569 767 650 821 terra
663 776 760 822 meos.

11 860 13 864 '
68 857 102 913 95
117 848 155 907 Et
168 846 251 908 iubet
266 853 295 907 et
310 846 414 906 merui.
451 860 522 918 neo,
540 860 619 919 quae
634 845 824 906 damnaverit
838 846 915 922 ipse,

161 930 292 993 crimina
307 929 431 989 delendi
446 929 534 989 lasve
547 928 671 1004 piumve
686 936 770 1005 puto.

112 1015 152 1076 Si
167 1022 267 1075 tamen
282 1019 351 1073 aeta
365 1013 442 1074 deos
457 1027 622 1088 numquam
637 1014 776 1073 mortalia
790 1013 905 1086 lallunt,

160 1100 190 1158 A
205 1098 296 1174 eulpa
310 1097 430 1158 lacinus
446 1097 530 1157 scitis
546 1094 658 1159 abesse
672 1112 750 1156 mea.

119 1184 212 1243 lmmo
229 1182 285 1257 ita,
301 1181 443 1257 sisoius,
460 1181 486 1241 si
502 1197 551 1241 me
565 1195 651 1240 meus
668 1179 790 1240 abstulit
804 1196 897 1255 error,

58 1278 108 1330 100
162 1265 321 1341 Stultuque
335 1281 422 1325 mens
437 1264 543 1338 nobis,
558 1280 620 1324 non
636 1264 786 1324 scelerata
800 1264 868 1322 luit:

119 1349 288 1424 Quamlibet
303 1365 320 1410 e
335 1349 482 1421 minimis,
500 1348 603 1408 domui
618 1348 645 1407 si
660 1347 790 1408 lavimus
806 1348 857 1419 illi,

162 1434 194 1494 Si
209 1433 284 1494 satis
298 1432 430 1510 Augusti
444 1432 567 1508 publiea
581 1431 667 1492 iussa
680 1431 768 1490 mibi=

117 1519 185 1579 lloo
200 1518 278 1579 duee
293 1516 320 1578 si
335 1517 398 1577 dixi
411 1516 510 1576 lelioia
526 1516 662 1587 saecula,
679 1530 800 1591 proque

162 1602 292 1663 Caesare
306 1607 374 1663 tura
389 1601 457 1676 plus
473 1599 718 1674 Caesaribusque
733 1598 820 1660 dedi=

57 1697 107 1750 105
121 1686 154 1747 st
169 1686 224 1746 luit
238 1685 288 1746 bio
302 1685 421 1746 animus
437 1685 542 1757 nobis,
559 1684 601 1744 ita
614 1684 729 1758 parcite
745 1683 821 1743 divit

164 1769 196 1830 Si
211 1769 326 1845 mium,
342 1769 403 1828 alta
418 1768 532 1828 cadens
549 1767 657 1827 obruat
671 1768 754 1828 unda
768 1771 873 1842 eaput!

118 1855 234 1928 Fallor,
252 1869 290 1913 an
304 1853 453 1928 incipiunt
467 1851 613 1927 gravidae
629 1865 814 1912 evanescere
829 1848 936 1924 nubes,

162 1937 313 2012 Victaque
327 1936 432 1996 mutati
452 1936 599 2010 frangitur
613 1936 657 1994 ira
672 1935 784 1994 marist

118 2022 185 2082 Non
201 2036 308 2095 casus,
325 2021 382 2081 sed
397 2035 454 2080 vos
471 2020 527 2079 sub
544 2018 726 2079 condicione
739 2016 850 2092 vocati,

60 2116 109 2168 tto
161 2105 278 2164 Fallere
293 2120 371 2179 quos
387 2120 447 2164 non
464 2109 526 2178 est,
541 2103 620 2162 bano
636 2101 707 2161 milri
723 2102 807 2162 tertis
823 2115 922 2176 opem.

59 2235 100 2333 3.
122 2236 204 2334 Cum
220 2272 301 2333 subit
316 2273 395 2332 illius
411 2272 586 2332 tristissima
599 2271 698 2331 noetis
714 2271 824 2344 imago,

163 2358 228 2430 Qua
240 2356 314 2416 mihi
329 2372 506 2432 supremum
520 2362 641 2429 tempus
657 2354 686 2413 in
700 2353 782 2414 Urbe
798 2353 861 2426 luit,

122 2441 195 2500 Cum
211 2448 317 2516 repeto
334 2447 469 2515 noctem,
487 2455 549 2516 qua
562 2445 607 2498 tot
620 2438 692 2496 mihi
709 2453 780 2497 oara
792 2437 911 2511 reliqui,

162 2524 287 2584 Labitur
302 2541 341 2584 ex
357 2523 455 2584 oeulis
472 2538 552 2584 nuno
568 2537 694 2598 quoque
708 2527 792 2597 gutta
806 2522 892 2581 meis.

89 2617 105 2667 5
121 2608 184 2667 lam
197 2624 296 2684 prope
311 2609 363 2669 lux
379 2608 498 2682 aderat,
516 2623 577 2682 qua
590 2622 640 2666 me
655 2605 815 2666 discedere
831 2605 945 2666 Caesar

160 2690 284 2752 Finibus
300 2698 455 2752 extremae
469 2692 602 2751 iusserat
616 2691 782 2750 Ausoniae.

120 2775 182 2834 Nea
197 2776 329 2850 spatium
346 2776 458 2848 luerat,
480 2790 537 2834 nee
551 2790 638 2834 mens
652 2774 726 2834 satis
741 2779 814 2848 apta
830 2770 974 2849 parandis

163 2859 354 2935 Torpuerant
368 2861 462 2935 longa
476 2865 603 2934 pectora
616 2864 722 2919 nostra
737 2873 832 2917 mora.

121 2944 186 3002 Non
202 2943 274 3003 mihi
290 2959 466 3017 servorum,
483 2943 601 3004 comitis
618 2958 679 3002 non
695 2957 768 3002 eura
783 2938 913 3015 legendi,

73 3036 106 3087 ιο
160 3026 227 3087 Non
244 3033 335 3104 aptae
350 3029 480 3103 prolugo
497 3027 593 3088 vestis
610 3026 720 3101 opisve
740 3025 803 3084 luit.

117 3110 183 3170 Non
200 3111 287 3171 aliter
304 3111 406 3188 stupui
414 3127 531 3187 „quam
551 3110 601 3185 qui
617 3109 700 3171 lovis
716 3107 836 3183 ignibus
854 3107 932 3167 letus

163 3194 247 3255 Vivit
261 3201 353 3256 otest
370 3197 451 3256 vitae
465 3195 588 3255 nescius
606 3193 674 3268 ipse
690 3207 775 3253 suae.

121 3278 162 3338 Ut
175 3284 276 3338 amen
292 3278 371 3338 hana
387 3279 477 3338 animi
493 3277 606 3338 nubem
620 3277 709 3336 dolor
723 3276 792 3351 ipse
807 3273 946 3348 removit,

165 3359 204 3421 Et
220 3362 342 3422 tandem
358 3377 470 3422 sensus
486 3361 670 3421 convaluere
685 3360 753 3435 mei,

77 3452 109 3503 t'r
126 3443 288 3519 Adloquor
302 3451 468 3506 extremum
484 3450 619 3504 maestos
635 3442 771 3504 abiturus
787 3440 915 3512 amieos,
964 3449 969 3457 '
