<?xml version="1.0" encoding="UTF-8"?>
<!DOCTYPE html PUBLIC "-//W3C//DTD XHTML 1.0 Transitional//EN"
    "http://www.w3.org/TR/xhtml1/DTD/xhtml1-transitional.dtd">
<html xmlns="http://www.w3.org/1999/xhtml" xml:lang="en" lang="en">
 <head>
  <title>
</title>
<meta http-equiv="Content-Type" content="text/html;charset=utf-8" />
  <meta name='ocr-system' content='tesseract 3.04.00' />
  <meta name='ocr-capabilities' content='ocr_page ocr_carea ocr_par ocr_line ocrx_word'/>
</head>
<body>
  <div class='ocr_page' id='page_1' title='image "./povidiusnasoexr00merkgoog_0352.png"; bbox 0 0 2318 3960; ppageno 0'>
   <div class='ocr_carea' id='block_1_1' title="bbox 461 224 716 303">
    <p class='ocr_par' dir='ltr' id='par_1_1' title="bbox 461 224 716 303">
     <span class='ocr_line' id='line_1_1' title="bbox 461 224 716 303; baseline -0.016 -15"><span class='ocrx_word' id='word_1_1' title='bbox 461 228 515 303; x_wconf 85' lang='lat' dir='ltr'>vt,</span> <span class='ocrx_word' id='word_1_2' title='bbox 538 224 716 289; x_wconf 75' lang='lat'>595-668.</span> 
     </span>
    </p>
   </div>
   <div class='ocr_carea' id='block_1_2' title="bbox 95 377 1015 624">
    <p class='ocr_par' dir='ltr' id='par_1_2' title="bbox 95 377 1015 624">
     <span class='ocr_line' id='line_1_2' title="bbox 162 377 913 457; baseline 0.011 -20"><span class='ocrx_word' id='word_1_3' title='bbox 162 377 253 438; x_wconf 85' lang='lat' dir='ltr'>iussa</span> <span class='ocrx_word' id='word_1_4' title='bbox 267 380 337 439; x_wconf 85' lang='lat' dir='ltr'>ioco</span> <span class='ocrx_word' id='word_1_5' title='bbox 354 379 476 456; x_wconf 86' lang='lat' dir='ltr'>captiva</span> <span class='ocrx_word' id='word_1_6' title='bbox 490 379 588 440; x_wconf 89' lang='lat' dir='ltr'>sedet.</span> <span class='ocrx_word' id='word_1_7' title='bbox 616 379 792 457; x_wconf 80' lang='lat' dir='ltr'>Conceptus</span> <span class='ocrx_word' id='word_1_8' title='bbox 807 381 846 443; x_wconf 87' lang='lat' dir='ltr'>ab</span> <span class='ocrx_word' id='word_1_9' title='bbox 861 383 913 445; x_wconf 86' lang='lat' dir='ltr'>itia</span> 
     </span>
     <span class='ocr_line' id='line_1_3' title="bbox 207 461 837 538; baseline 0.002 -16"><span class='ocrx_word' id='word_1_10' title='bbox 207 461 333 524; x_wconf 89' lang='lat' dir='ltr'>Servius</span> <span class='ocrx_word' id='word_1_11' title='bbox 353 479 372 524; x_wconf 89' lang='lat' dir='ltr'>a</span> <span class='ocrx_word' id='word_1_12' title='bbox 386 465 472 524; x_wconf 89' lang='lat' dir='ltr'>caelo</span> <span class='ocrx_word' id='word_1_13' title='bbox 489 463 607 524; x_wconf 86' lang='lat' dir='ltr'>semina</span> <span class='ocrx_word' id='word_1_14' title='bbox 620 465 720 538; x_wconf 80' lang='lat' dir='ltr'>gentis</span> <span class='ocrx_word' id='word_1_15' title='bbox 736 464 837 526; x_wconf 87' lang='lat' dir='ltr'>habet.</span> 
     </span>
     <span class='ocr_line' id='line_1_4' title="bbox 95 544 1015 624; baseline 0.005 -16"><span class='ocrx_word' id='word_1_16' title='bbox 95 553 149 608; x_wconf 79' lang='grc'>665</span> <span class='ocrx_word' id='word_1_17' title='bbox 164 544 258 621; x_wconf 80' lang='lat' dir='ltr'>Signo</span> <span class='ocrx_word' id='word_1_18' title='bbox 274 546 360 607; x_wconf 91' lang='lat' dir='ltr'>dedit</span> <span class='ocrx_word' id='word_1_19' title='bbox 373 549 507 623; x_wconf 79' lang='lat' dir='ltr'>genitor,</span> <span class='ocrx_word' id='word_1_20' title='bbox 522 556 594 609; x_wconf 91' lang='lat' dir='ltr'>tunc</span> <span class='ocrx_word' id='word_1_21' title='bbox 609 563 679 607; x_wconf 92' lang='lat' dir='ltr'>cum</span> <span class='ocrx_word' id='word_1_22' title='bbox 693 555 787 624; x_wconf 89' lang='lat' dir='ltr'>caput</span> <span class='ocrx_word' id='word_1_23' title='bbox 800 550 871 624; x_wconf 78' lang='lat' dir='ltr'>igne</span> <span class='ocrx_word' id='word_1_24' title='bbox 885 565 1015 614; x_wconf 86' lang='lat' dir='ltr'>corusco</span> 
     </span>
    </p>
   </div>
   <div class='ocr_carea' id='block_1_3' title="bbox 95 630 995 1719">
    <p class='ocr_par' dir='ltr' id='par_1_3' title="bbox 95 630 995 1719">
     <span class='ocr_line' id='line_1_5' title="bbox 205 630 945 710; baseline 0.008 -20"><span class='ocrx_word' id='word_1_25' title='bbox 205 631 350 707; x_wconf 79' lang='lat' dir='ltr'>contigit,</span> <span class='ocrx_word' id='word_1_26' title='bbox 366 632 459 707; x_wconf 89' lang='lat' dir='ltr'>inque</span> <span class='ocrx_word' id='word_1_27' title='bbox 474 632 570 692; x_wconf 92' lang='lat' dir='ltr'>comis</span> <span class='ocrx_word' id='word_1_28' title='bbox 586 630 748 694; x_wconf 84' lang='lat' dir='ltr'>flammeus</span> <span class='ocrx_word' id='word_1_29' title='bbox 763 634 839 694; x_wconf 85' lang='lat' dir='ltr'>arsit</span> <span class='ocrx_word' id='word_1_30' title='bbox 853 650 945 710; x_wconf 82' lang='lat' dir='ltr'>apex.</span> 
     </span>
     <span class='ocr_line' id='line_1_6' title="bbox 151 714 971 792; baseline 0.009 -20"><span class='ocrx_word' id='word_1_31' title='bbox 151 714 203 791; x_wconf 89' lang='lat' dir='ltr'>Te</span> <span class='ocrx_word' id='word_1_32' title='bbox 221 732 345 791; x_wconf 93' lang='lat' dir='ltr'>quoque</span> <span class='ocrx_word' id='word_1_33' title='bbox 358 717 536 792; x_wconf 85' lang='lat' dir='ltr'>magnifica,</span> <span class='ocrx_word' id='word_1_34' title='bbox 552 716 738 792; x_wconf 80' lang='lat' dir='ltr'>Concordia,</span> <span class='ocrx_word' id='word_1_35' title='bbox 755 718 878 779; x_wconf 78' lang='lat' dir='ltr'>dedicat</span> <span class='ocrx_word' id='word_1_36' title='bbox 892 719 971 779; x_wconf 88' lang='lat' dir='ltr'>aede</span> 
     </span>
     <span class='ocr_line' id='line_1_7' title="bbox 204 799 846 877; baseline 0.002 -20"><span class='ocrx_word' id='word_1_37' title='bbox 204 799 304 873; x_wconf 89' lang='lat' dir='ltr'>Livia,</span> <span class='ocrx_word' id='word_1_38' title='bbox 325 817 415 876; x_wconf 87' lang='lat' dir='ltr'>quarn</span> <span class='ocrx_word' id='word_1_39' title='bbox 431 816 503 861; x_wconf 89' lang='lat' dir='ltr'>caro</span> <span class='ocrx_word' id='word_1_40' title='bbox 518 801 670 876; x_wconf 90' lang='lat' dir='ltr'>praestitit</span> <span class='ocrx_word' id='word_1_41' title='bbox 679 801 754 877; x_wconf 88' lang='lat' dir='ltr'>ipsa</span> <span class='ocrx_word' id='word_1_42' title='bbox 768 803 846 863; x_wconf 91' lang='lat' dir='ltr'>viro.</span> 
     </span>
     <span class='ocr_line' id='line_1_8' title="bbox 161 882 970 959; baseline 0.007 -17"><span class='ocrx_word' id='word_1_43' title='bbox 161 882 252 943; x_wconf 88' lang='lat' dir='ltr'>Disce</span> <span class='ocrx_word' id='word_1_44' title='bbox 271 891 386 957; x_wconf 89' lang='lat' dir='ltr'>tamen,</span> <span class='ocrx_word' id='word_1_45' title='bbox 401 886 529 945; x_wconf 89' lang='lat' dir='ltr'>veniens</span> <span class='ocrx_word' id='word_1_46' title='bbox 545 893 644 959; x_wconf 90' lang='lat' dir='ltr'>aetas,</span> <span class='ocrx_word' id='word_1_47' title='bbox 659 886 712 945; x_wconf 91' lang='lat' dir='ltr'>ubi</span> <span class='ocrx_word' id='word_1_48' title='bbox 726 886 813 946; x_wconf 91' lang='lat' dir='ltr'>Livia</span> <span class='ocrx_word' id='word_1_49' title='bbox 828 902 909 948; x_wconf 90' lang='lat' dir='ltr'>nunc</span> <span class='ocrx_word' id='word_1_50' title='bbox 923 895 970 948; x_wconf 88' lang='lat' dir='ltr'>est</span> 
     </span>
     <span class='ocr_line' id='line_1_9' title="bbox 95 967 890 1042; baseline 0.004 -17"><span class='ocrx_word' id='word_1_51' title='bbox 95 979 150 1034; x_wconf 76' lang='lat'>640</span> <span class='ocrx_word' id='word_1_52' title='bbox 205 967 359 1042; x_wconf 86' lang='lat' dir='ltr'>Porticus,</span> <span class='ocrx_word' id='word_1_53' title='bbox 380 969 547 1029; x_wconf 84' lang='lat' dir='ltr'>immensae</span> <span class='ocrx_word' id='word_1_54' title='bbox 560 975 641 1028; x_wconf 90' lang='lat' dir='ltr'>tecta</span> <span class='ocrx_word' id='word_1_55' title='bbox 655 970 755 1031; x_wconf 81' lang='lat' dir='ltr'>fuisse</span> <span class='ocrx_word' id='word_1_56' title='bbox 768 971 890 1031; x_wconf 91' lang='lat' dir='ltr'>domus.</span> 
     </span>
     <span class='ocr_line' id='line_1_10' title="bbox 162 1051 995 1131; baseline 0.004 -19"><span class='ocrx_word' id='word_1_57' title='bbox 162 1051 255 1114; x_wconf 86' lang='lat' dir='ltr'>Urbis</span> <span class='ocrx_word' id='word_1_58' title='bbox 271 1069 352 1128; x_wconf 92' lang='lat' dir='ltr'>opus</span> <span class='ocrx_word' id='word_1_59' title='bbox 368 1053 478 1114; x_wconf 91' lang='lat' dir='ltr'>domus</span> <span class='ocrx_word' id='word_1_60' title='bbox 492 1069 553 1113; x_wconf 90' lang='lat' dir='ltr'>una</span> <span class='ocrx_word' id='word_1_61' title='bbox 567 1052 637 1128; x_wconf 81' lang='lat' dir='ltr'>suit,</span> <span class='ocrx_word' id='word_1_62' title='bbox 653 1053 849 1131; x_wconf 87' lang='lat' dir='ltr'>spatiumque</span> <span class='ocrx_word' id='word_1_63' title='bbox 863 1054 995 1130; x_wconf 75' lang='lat' dir='ltr'>tenebat,</span> 
     </span>
     <span class='ocr_line' id='line_1_11' title="bbox 205 1136 925 1228; baseline 0.004 -32"><span class='ocrx_word' id='word_1_64' title='bbox 205 1137 270 1210; x_wconf 80' lang='lat' dir='ltr'>Quo</span> <span class='ocrx_word' id='word_1_65' title='bbox 285 1136 410 1198; x_wconf 89' lang='lat' dir='ltr'>brevius</span> <span class='ocrx_word' id='word_1_66' title='bbox 424 1139 518 1198; x_wconf 91' lang='lat' dir='ltr'>muris</span> <span class='ocrx_word' id='word_1_67' title='bbox 534 1137 652 1213; x_wconf 89' lang='lat' dir='ltr'>oppida</span> <span class='ocrx_word' id='word_1_68' title='bbox 666 1139 760 1198; x_wconf 83' lang='lat' dir='ltr'>multa</span> <span class='ocrx_word' id='word_1_69' title='bbox 774 1143 886 1200; x_wconf 89' lang='lat' dir='ltr'>tenent.</span> <span class='ocrx_word' id='word_1_70' title='bbox 911 1211 925 1228; x_wconf 63' lang='lat'>,</span> 
     </span>
     <span class='ocr_line' id='line_1_12' title="bbox 160 1219 983 1298; baseline 0.007 -20"><span class='ocrx_word' id='word_1_71' title='bbox 160 1219 245 1280; x_wconf 88' lang='lat' dir='ltr'>Haec</span> <span class='ocrx_word' id='word_1_72' title='bbox 259 1229 390 1296; x_wconf 86' lang='lat' dir='ltr'>aequata</span> <span class='ocrx_word' id='word_1_73' title='bbox 404 1224 472 1282; x_wconf 90' lang='lat' dir='ltr'>soio</span> <span class='ocrx_word' id='word_1_74' title='bbox 489 1228 554 1295; x_wconf 88' lang='lat' dir='ltr'>est,</span> <span class='ocrx_word' id='word_1_75' title='bbox 569 1223 654 1282; x_wconf 89' lang='lat' dir='ltr'>nulio</span> <span class='ocrx_word' id='word_1_76' title='bbox 669 1221 726 1283; x_wconf 86' lang='lat' dir='ltr'>sub</span> <span class='ocrx_word' id='word_1_77' title='bbox 747 1223 873 1283; x_wconf 89' lang='lat' dir='ltr'>crimine</span> <span class='ocrx_word' id='word_1_78' title='bbox 886 1225 983 1298; x_wconf 82' lang='lat' dir='ltr'>regui,</span> 
     </span>
     <span class='ocr_line' id='line_1_13' title="bbox 203 1302 782 1379; baseline 0.003 -16"><span class='ocrx_word' id='word_1_79' title='bbox 203 1302 267 1365; x_wconf 90' lang='lat' dir='ltr'>Sed</span> <span class='ocrx_word' id='word_1_80' title='bbox 283 1305 354 1379; x_wconf 87' lang='lat' dir='ltr'>quia</span> <span class='ocrx_word' id='word_1_81' title='bbox 370 1306 490 1367; x_wconf 88' lang='lat' dir='ltr'>luxuria</span> <span class='ocrx_word' id='word_1_82' title='bbox 504 1306 572 1366; x_wconf 91' lang='lat' dir='ltr'>visa</span> <span class='ocrx_word' id='word_1_83' title='bbox 586 1322 699 1367; x_wconf 89' lang='lat' dir='ltr'>nocere</span> <span class='ocrx_word' id='word_1_84' title='bbox 715 1323 782 1367; x_wconf 87' lang='lat' dir='ltr'>sua.</span> 
     </span>
     <span class='ocr_line' id='line_1_14' title="bbox 95 1385 888 1465; baseline 0.004 -17"><span class='ocrx_word' id='word_1_85' title='bbox 95 1393 148 1448; x_wconf 77' lang='lat'>645</span> <span class='ocrx_word' id='word_1_86' title='bbox 165 1385 315 1450; x_wconf 88' lang='lat' dir='ltr'>Sustinuit</span> <span class='ocrx_word' id='word_1_87' title='bbox 326 1397 427 1451; x_wconf 88' lang='lat' dir='ltr'>tantas</span> <span class='ocrx_word' id='word_1_88' title='bbox 443 1406 570 1465; x_wconf 91' lang='lat' dir='ltr'>operum</span> <span class='ocrx_word' id='word_1_89' title='bbox 586 1391 766 1452; x_wconf 89' lang='lat' dir='ltr'>subvertere</span> <span class='ocrx_word' id='word_1_90' title='bbox 780 1391 888 1465; x_wconf 92' lang='lat' dir='ltr'>moles,</span> 
     </span>
     <span class='ocr_line' id='line_1_15' title="bbox 202 1473 892 1551; baseline 0 -21"><span class='ocrx_word' id='word_1_91' title='bbox 202 1473 320 1549; x_wconf 84' lang='lat' dir='ltr'>Totque</span> <span class='ocrx_word' id='word_1_92' title='bbox 335 1491 409 1536; x_wconf 88' lang='lat' dir='ltr'>suas</span> <span class='ocrx_word' id='word_1_93' title='bbox 424 1475 515 1535; x_wconf 88' lang='lat' dir='ltr'>heres</span> <span class='ocrx_word' id='word_1_94' title='bbox 530 1475 661 1551; x_wconf 87' lang='lat' dir='ltr'>perdere</span> <span class='ocrx_word' id='word_1_95' title='bbox 677 1476 791 1536; x_wconf 84' lang='lat' dir='ltr'>Caesar</span> <span class='ocrx_word' id='word_1_96' title='bbox 805 1491 892 1551; x_wconf 86' lang='lat' dir='ltr'>opes.</span> 
     </span>
     <span class='ocr_line' id='line_1_16' title="bbox 163 1554 914 1636; baseline 0.003 -21"><span class='ocrx_word' id='word_1_97' title='bbox 163 1554 213 1615; x_wconf 89' lang='lat' dir='ltr'>Sic</span> <span class='ocrx_word' id='word_1_98' title='bbox 229 1558 329 1632; x_wconf 82' lang='lat' dir='ltr'>agitur</span> <span class='ocrx_word' id='word_1_99' title='bbox 348 1573 479 1620; x_wconf 87' lang='lat' dir='ltr'>censura</span> <span class='ocrx_word' id='word_1_100' title='bbox 493 1565 523 1618; x_wconf 92' lang='lat' dir='ltr'>et</span> <span class='ocrx_word' id='word_1_101' title='bbox 537 1559 582 1619; x_wconf 90' lang='lat' dir='ltr'>sic</span> <span class='ocrx_word' id='word_1_102' title='bbox 599 1562 741 1636; x_wconf 86' lang='lat' dir='ltr'>exempla</span> <span class='ocrx_word' id='word_1_103' title='bbox 760 1566 914 1635; x_wconf 87' lang='lat' dir='ltr'>parantur,</span> 
     </span>
     <span class='ocr_line' id='line_1_17' title="bbox 203 1641 959 1719; baseline 0.003 -19"><span class='ocrx_word' id='word_1_104' title='bbox 203 1641 276 1701; x_wconf 89' lang='lat' dir='ltr'>Cum</span> <span class='ocrx_word' id='word_1_105' title='bbox 290 1642 421 1716; x_wconf 90' lang='lat' dir='ltr'>vindex,</span> <span class='ocrx_word' id='word_1_106' title='bbox 437 1642 514 1702; x_wconf 87' lang='lat' dir='ltr'>alios</span> <span class='ocrx_word' id='word_1_107' title='bbox 530 1644 615 1718; x_wconf 94' lang='lat' dir='ltr'>quod</span> <span class='ocrx_word' id='word_1_108' title='bbox 629 1652 746 1717; x_wconf 89' lang='lat' dir='ltr'>monet,</span> <span class='ocrx_word' id='word_1_109' title='bbox 762 1645 831 1719; x_wconf 90' lang='lat' dir='ltr'>ipse</span> <span class='ocrx_word' id='word_1_110' title='bbox 846 1641 927 1703; x_wconf 87' lang='lat' dir='ltr'>iacit.</span> <span class='ocrx_word' id='word_1_111' title='bbox 957 1656 959 1661; x_wconf 70' lang='grc'>’</span> 
     </span>
    </p>
   </div>
   <div class='ocr_carea' id='block_1_4' title="bbox 374 1775 792 1839">
    <p class='ocr_par' dir='ltr' id='par_1_4' title="bbox 374 1775 792 1839">
     <span class='ocr_line' id='line_1_18' title="bbox 374 1775 792 1839; baseline -0.002 -1"><span class='ocrx_word' id='word_1_112' title='bbox 374 1776 423 1838; x_wconf 77' lang='lat'>12.</span> <span class='ocrx_word' id='word_1_113' title='bbox 445 1778 499 1837; x_wconf 89' lang='lat' dir='ltr'>CN</span> <span class='ocrx_word' id='word_1_114' title='bbox 541 1775 591 1839; x_wconf 90' lang='grc'>13.</span> <span class='ocrx_word' id='word_1_115' title='bbox 613 1778 638 1836; x_wconf 86' lang='grc' dir='ltr'>Ι)</span> <span class='ocrx_word' id='word_1_116' title='bbox 658 1777 792 1837; x_wconf 84' lang='lat' dir='ltr'><strong>EID-N</strong></span> 
     </span>
    </p>
   </div>
   <div class='ocr_carea' id='block_1_5' title="bbox 77 1892 1001 3566">
    <p class='ocr_par' dir='ltr' id='par_1_5' title="bbox 77 1892 1001 3566">
     <span class='ocr_line' id='line_1_19' title="bbox 161 1892 1001 1972; baseline 0.01 -22"><span class='ocrx_word' id='word_1_117' title='bbox 161 1892 248 1952; x_wconf 86' lang='lat' dir='ltr'>Nulla</span> <span class='ocrx_word' id='word_1_118' title='bbox 263 1901 335 1954; x_wconf 84' lang='lat' dir='ltr'>nota</span> <span class='ocrx_word' id='word_1_119' title='bbox 349 1901 398 1954; x_wconf 90' lang='lat' dir='ltr'>est</span> <span class='ocrx_word' id='word_1_120' title='bbox 412 1895 554 1955; x_wconf 88' lang='lat' dir='ltr'>veniente</span> <span class='ocrx_word' id='word_1_121' title='bbox 569 1895 633 1970; x_wconf 92' lang='lat' dir='ltr'>die,</span> <span class='ocrx_word' id='word_1_122' title='bbox 651 1911 742 1970; x_wconf 88' lang='lat' dir='ltr'>quam</span> <span class='ocrx_word' id='word_1_123' title='bbox 757 1895 871 1956; x_wconf 89' lang='lat' dir='ltr'>ducere</span> <span class='ocrx_word' id='word_1_124' title='bbox 886 1898 1001 1972; x_wconf 89' lang='lat' dir='ltr'>possis.</span> 
     </span>
     <span class='ocr_line' id='line_1_20' title="bbox 93 1977 829 2054; baseline -0.001 -16"><span class='ocrx_word' id='word_1_125' title='bbox 93 1983 146 2038; x_wconf 84' lang='grc'><strong>650</strong></span> <span class='ocrx_word' id='word_1_126' title='bbox 203 1977 308 2038; x_wconf 89' lang='lat' dir='ltr'>idibus</span> <span class='ocrx_word' id='word_1_127' title='bbox 324 1978 439 2038; x_wconf 84' lang='lat' dir='ltr'>Invicto</span> <span class='ocrx_word' id='word_1_128' title='bbox 454 1986 525 2039; x_wconf 88' lang='lat' dir='ltr'>sunt</span> <span class='ocrx_word' id='word_1_129' title='bbox 540 1979 612 2039; x_wconf 90' lang='lat' dir='ltr'>data</span> <span class='ocrx_word' id='word_1_130' title='bbox 625 1979 739 2054; x_wconf 89' lang='lat' dir='ltr'>templa</span> <span class='ocrx_word' id='word_1_131' title='bbox 752 1979 829 2039; x_wconf 91' lang='lat' dir='ltr'>Iovi.</span> 
     </span>
     <span class='ocr_line' id='line_1_21' title="bbox 156 2061 912 2137; baseline 0.007 -17"><span class='ocrx_word' id='word_1_132' title='bbox 156 2061 195 2120; x_wconf 84' lang='lat' dir='ltr'>Et</span> <span class='ocrx_word' id='word_1_133' title='bbox 209 2061 269 2122; x_wconf 90' lang='lat' dir='ltr'>iam</span> <span class='ocrx_word' id='word_1_134' title='bbox 284 2061 489 2137; x_wconf 83' lang='lat' dir='ltr'>Quinquatrus</span> <span class='ocrx_word' id='word_1_135' title='bbox 503 2062 613 2124; x_wconf 85' lang='lat' dir='ltr'>iubeor</span> <span class='ocrx_word' id='word_1_136' title='bbox 627 2079 751 2122; x_wconf 90' lang='lat' dir='ltr'>narrare</span> <span class='ocrx_word' id='word_1_137' title='bbox 766 2065 912 2125; x_wconf 89' lang='lat' dir='ltr'>minores.</span> 
     </span>
     <span class='ocr_line' id='line_1_22' title="bbox 198 2146 939 2224; baseline 0.005 -20"><span class='ocrx_word' id='word_1_138' title='bbox 198 2146 285 2207; x_wconf 93' lang='lat' dir='ltr'>Nunc</span> <span class='ocrx_word' id='word_1_139' title='bbox 300 2147 376 2206; x_wconf 91' lang='lat' dir='ltr'>ades</span> <span class='ocrx_word' id='word_1_140' title='bbox 392 2157 423 2207; x_wconf 87' lang='lat' dir='ltr'>o!</span> <span class='ocrx_word' id='word_1_141' title='bbox 441 2148 571 2224; x_wconf 88' lang='lat' dir='ltr'>coeptis,</span> <span class='ocrx_word' id='word_1_142' title='bbox 587 2146 670 2207; x_wconf 87' lang='lat' dir='ltr'>flava</span> <span class='ocrx_word' id='word_1_143' title='bbox 682 2147 836 2223; x_wconf 86' lang='lat' dir='ltr'>Minerva,</span> <span class='ocrx_word' id='word_1_144' title='bbox 851 2149 939 2210; x_wconf 92' lang='lat' dir='ltr'>meis.</span> 
     </span>
     <span class='ocr_line' id='line_1_23' title="bbox 157 2230 838 2306; baseline 0.004 -18"><span class='ocrx_word' id='word_1_145' title='bbox 157 2230 230 2289; x_wconf 75' lang='lat' dir='ltr'>‘Cur</span> <span class='ocrx_word' id='word_1_146' title='bbox 243 2247 340 2306; x_wconf 78' lang='lat' dir='ltr'>vagus</span> <span class='ocrx_word' id='word_1_147' title='bbox 355 2232 470 2293; x_wconf 86' lang='lat' dir='ltr'>incedit</span> <span class='ocrx_word' id='word_1_148' title='bbox 483 2240 546 2293; x_wconf 89' lang='lat' dir='ltr'>tota</span> <span class='ocrx_word' id='word_1_149' title='bbox 561 2231 673 2292; x_wconf 89' lang='lat' dir='ltr'>tibicen</span> <span class='ocrx_word' id='word_1_150' title='bbox 688 2231 719 2290; x_wconf 92' lang='lat' dir='ltr'>in</span> <span class='ocrx_word' id='word_1_151' title='bbox 733 2233 838 2294; x_wconf 76' lang='lat' dir='ltr'>Urbet</span> 
     </span>
     <span class='ocr_line' id='line_1_24' title="bbox 200 2315 985 2392; baseline 0.004 -19"><span class='ocrx_word' id='word_1_152' title='bbox 200 2315 278 2388; x_wconf 80' lang='lat' dir='ltr'>Quid</span> <span class='ocrx_word' id='word_1_153' title='bbox 295 2315 353 2376; x_wconf 90' lang='lat' dir='ltr'>sibi</span> <span class='ocrx_word' id='word_1_154' title='bbox 371 2333 538 2391; x_wconf 87' lang='lat' dir='ltr'>personae,</span> <span class='ocrx_word' id='word_1_155' title='bbox 555 2315 630 2391; x_wconf 91' lang='lat' dir='ltr'>quid</span> <span class='ocrx_word' id='word_1_156' title='bbox 644 2317 724 2377; x_wconf 90' lang='lat' dir='ltr'>stola</span> <span class='ocrx_word' id='word_1_157' title='bbox 737 2318 830 2392; x_wconf 80' lang='lat' dir='ltr'>longa</span> <span class='ocrx_word' id='word_1_158' title='bbox 846 2318 985 2378; x_wconf 68' lang='lat' dir='ltr'>voluntT’</span> 
     </span>
     <span class='ocr_line' id='line_1_25' title="bbox 77 2399 897 2477; baseline -0.002 -16"><span class='ocrx_word' id='word_1_159' title='bbox 77 2406 143 2475; x_wconf 79' lang='grc'><strong>,655</strong></span> <span class='ocrx_word' id='word_1_160' title='bbox 161 2399 212 2460; x_wconf 88' lang='lat' dir='ltr'>Sic</span> <span class='ocrx_word' id='word_1_161' title='bbox 228 2415 297 2474; x_wconf 81' lang='lat' dir='ltr'>ego.</span> <span class='ocrx_word' id='word_1_162' title='bbox 327 2400 378 2461; x_wconf 87' lang='lat' dir='ltr'>Sic</span> <span class='ocrx_word' id='word_1_163' title='bbox 393 2402 496 2477; x_wconf 88' lang='lat' dir='ltr'>posita</span> <span class='ocrx_word' id='word_1_164' title='bbox 509 2401 645 2461; x_wconf 80' lang='lat' dir='ltr'>Tritonia</span> <span class='ocrx_word' id='word_1_165' title='bbox 660 2400 790 2475; x_wconf 82' lang='lat' dir='ltr'>cuspide</span> <span class='ocrx_word' id='word_1_166' title='bbox 804 2400 897 2461; x_wconf 82' lang='lat' dir='ltr'>dixit:</span> 
     </span>
     <span class='ocr_line' id='line_1_26' title="bbox 198 2483 923 2546; baseline 0.004 -5"><span class='ocrx_word' id='word_1_167' title='bbox 198 2483 318 2543; x_wconf 89' lang='lat' dir='ltr'>Possim</span> <span class='ocrx_word' id='word_1_168' title='bbox 333 2485 448 2546; x_wconf 86' lang='lat' dir='ltr'>utinam</span> <span class='ocrx_word' id='word_1_169' title='bbox 465 2486 575 2545; x_wconf 90' lang='lat' dir='ltr'>doctae</span> <span class='ocrx_word' id='word_1_170' title='bbox 589 2485 686 2545; x_wconf 88' lang='lat' dir='ltr'>verba</span> <span class='ocrx_word' id='word_1_171' title='bbox 698 2485 814 2544; x_wconf 83' lang='lat' dir='ltr'>referre</span> <span class='ocrx_word' id='word_1_172' title='bbox 830 2486 923 2546; x_wconf 86' lang='lat' dir='ltr'>deae!</span> 
     </span>
     <span class='ocr_line' id='line_1_27' title="bbox 156 2568 898 2642; baseline 0 -14"><span class='ocrx_word' id='word_1_173' title='bbox 156 2568 367 2642; x_wconf 76' lang='lat' dir='ltr'>‘Temporibus</span> <span class='ocrx_word' id='word_1_174' title='bbox 383 2578 520 2630; x_wconf 89' lang='lat' dir='ltr'>veterum</span> <span class='ocrx_word' id='word_1_175' title='bbox 533 2569 665 2630; x_wconf 89' lang='lat' dir='ltr'>tibicinis</span> <span class='ocrx_word' id='word_1_176' title='bbox 679 2584 756 2629; x_wconf 91' lang='lat' dir='ltr'>usus</span> <span class='ocrx_word' id='word_1_177' title='bbox 771 2585 898 2629; x_wconf 89' lang='lat' dir='ltr'>avorum</span> 
     </span>
     <span class='ocr_line' id='line_1_28' title="bbox 197 2652 895 2729; baseline 0.004 -20"><span class='ocrx_word' id='word_1_178' title='bbox 197 2652 327 2727; x_wconf 85' lang='lat' dir='ltr'>Magnus</span> <span class='ocrx_word' id='word_1_179' title='bbox 345 2654 418 2714; x_wconf 88' lang='lat' dir='ltr'>etin</span> <span class='ocrx_word' id='word_1_180' title='bbox 433 2670 544 2729; x_wconf 80' lang='lat' dir='ltr'>magno</span> <span class='ocrx_word' id='word_1_181' title='bbox 559 2669 682 2728; x_wconf 89' lang='lat' dir='ltr'>semper</span> <span class='ocrx_word' id='word_1_182' title='bbox 696 2653 815 2713; x_wconf 89' lang='lat' dir='ltr'>bonore</span> <span class='ocrx_word' id='word_1_183' title='bbox 830 2653 895 2714; x_wconf 87' lang='lat' dir='ltr'>init.</span> 
     </span>
     <span class='ocr_line' id='line_1_29' title="bbox 156 2735 765 2812; baseline -0.002 -14"><span class='ocrx_word' id='word_1_184' title='bbox 156 2735 302 2798; x_wconf 77' lang='lat' dir='ltr'>cantabat</span> <span class='ocrx_word' id='word_1_185' title='bbox 317 2738 412 2812; x_wconf 81' lang='lat' dir='ltr'>fanis,</span> <span class='ocrx_word' id='word_1_186' title='bbox 428 2739 570 2799; x_wconf 89' lang='lat' dir='ltr'>cantabat</span> <span class='ocrx_word' id='word_1_187' title='bbox 584 2738 658 2798; x_wconf 88' lang='lat' dir='ltr'>tibia</span> <span class='ocrx_word' id='word_1_188' title='bbox 673 2737 765 2811; x_wconf 91' lang='lat' dir='ltr'>ludis,</span> 
     </span>
     <span class='ocr_line' id='line_1_30' title="bbox 88 2821 755 2883; baseline 0.004 -6"><span class='ocrx_word' id='word_1_189' title='bbox 88 2823 141 2877; x_wconf 85' lang='lat'>660</span> <span class='ocrx_word' id='word_1_190' title='bbox 199 2821 346 2880; x_wconf 79' lang='lat' dir='ltr'>cantabat</span> <span class='ocrx_word' id='word_1_191' title='bbox 359 2823 484 2883; x_wconf 88' lang='lat' dir='ltr'>maestis</span> <span class='ocrx_word' id='word_1_192' title='bbox 499 2823 573 2882; x_wconf 91' lang='lat' dir='ltr'>tibia</span> <span class='ocrx_word' id='word_1_193' title='bbox 589 2821 755 2882; x_wconf 79' lang='lat' dir='ltr'>funeribus.</span> 
     </span>
     <span class='ocr_line' id='line_1_31' title="bbox 155 2906 989 2981; baseline 0.008 -16"><span class='ocrx_word' id='word_1_194' title='bbox 155 2906 259 2965; x_wconf 87' lang='lat' dir='ltr'>Dulcis</span> <span class='ocrx_word' id='word_1_195' title='bbox 276 2912 341 2964; x_wconf 89' lang='lat' dir='ltr'>crat</span> <span class='ocrx_word' id='word_1_196' title='bbox 356 2908 499 2966; x_wconf 88' lang='lat' dir='ltr'>mercede</span> <span class='ocrx_word' id='word_1_197' title='bbox 512 2906 609 2967; x_wconf 91' lang='lat' dir='ltr'>labor.</span> <span class='ocrx_word' id='word_1_198' title='bbox 638 2913 825 2981; x_wconf 89' lang='lat' dir='ltr'>tempusque</span> <span class='ocrx_word' id='word_1_199' title='bbox 840 2910 989 2972; x_wconf 83' lang='lat' dir='ltr'>secutum</span> 
     </span>
     <span class='ocr_line' id='line_1_32' title="bbox 199 2988 893 3066; baseline 0.001 -19"><span class='ocrx_word' id='word_1_200' title='bbox 199 2989 286 3062; x_wconf 80' lang='lat' dir='ltr'>Quod</span> <span class='ocrx_word' id='word_1_201' title='bbox 302 2988 402 3050; x_wconf 91' lang='lat' dir='ltr'>subito</span> <span class='ocrx_word' id='word_1_202' title='bbox 418 2990 528 3050; x_wconf 86' lang='lat' dir='ltr'>Graiae</span> <span class='ocrx_word' id='word_1_203' title='bbox 543 2992 697 3066; x_wconf 79' lang='lat' dir='ltr'>frangeret</span> <span class='ocrx_word' id='word_1_204' title='bbox 710 2989 785 3051; x_wconf 87' lang='lat' dir='ltr'>artis</span> <span class='ocrx_word' id='word_1_205' title='bbox 802 3005 893 3066; x_wconf 89' lang='lat' dir='ltr'>opus.</span> 
     </span>
     <span class='ocr_line' id='line_1_33' title="bbox 154 3072 953 3151; baseline 0.003 -19"><span class='ocrx_word' id='word_1_206' title='bbox 154 3073 245 3132; x_wconf 83' lang='lat' dir='ltr'>Adde</span> <span class='ocrx_word' id='word_1_207' title='bbox 265 3072 350 3146; x_wconf 88' lang='lat' dir='ltr'>quod</span> <span class='ocrx_word' id='word_1_208' title='bbox 365 3073 490 3146; x_wconf 87' lang='lat' dir='ltr'>aedilis,</span> <span class='ocrx_word' id='word_1_209' title='bbox 507 3091 651 3151; x_wconf 84' lang='lat' dir='ltr'>pompam</span> <span class='ocrx_word' id='word_1_210' title='bbox 668 3075 720 3149; x_wconf 94' lang='lat' dir='ltr'>qui</span> <span class='ocrx_word' id='word_1_211' title='bbox 735 3074 852 3135; x_wconf 87' lang='lat' dir='ltr'>iuneris</span> <span class='ocrx_word' id='word_1_212' title='bbox 866 3074 953 3143; x_wconf 88' lang='lat' dir='ltr'>irent,</span> 
     </span>
     <span class='ocr_line' id='line_1_34' title="bbox 194 3156 809 3220; baseline 0.008 -9"><span class='ocrx_word' id='word_1_213' title='bbox 194 3156 339 3215; x_wconf 85' lang='lat' dir='ltr'>Artifices</span> <span class='ocrx_word' id='word_1_214' title='bbox 355 3158 441 3218; x_wconf 90' lang='lat' dir='ltr'>solos</span> <span class='ocrx_word' id='word_1_215' title='bbox 456 3159 591 3219; x_wconf 88' lang='lat' dir='ltr'>iusserat</span> <span class='ocrx_word' id='word_1_216' title='bbox 604 3175 676 3220; x_wconf 90' lang='lat' dir='ltr'>esse</span> <span class='ocrx_word' id='word_1_217' title='bbox 691 3159 809 3219; x_wconf 87' lang='lat' dir='ltr'>decem.</span> 
     </span>
     <span class='ocr_line' id='line_1_35' title="bbox 87 3239 865 3318; baseline -0.003 -16"><span class='ocrx_word' id='word_1_218' title='bbox 87 3247 139 3302; x_wconf 87' lang='grc'>665</span> <span class='ocrx_word' id='word_1_219' title='bbox 153 3239 252 3298; x_wconf 80' lang='lat' dir='ltr'>Exitio</span> <span class='ocrx_word' id='word_1_220' title='bbox 268 3247 383 3301; x_wconf 86' lang='lat' dir='ltr'>mutant</span> <span class='ocrx_word' id='word_1_221' title='bbox 396 3242 523 3314; x_wconf 90' lang='lat' dir='ltr'>Urbem,</span> <span class='ocrx_word' id='word_1_222' title='bbox 539 3243 693 3318; x_wconf 90' lang='lat' dir='ltr'>Tiburque</span> <span class='ocrx_word' id='word_1_223' title='bbox 707 3243 865 3304; x_wconf 89' lang='lat' dir='ltr'>recedunt.</span> 
     </span>
     <span class='ocr_line' id='line_1_36' title="bbox 195 3323 821 3402; baseline 0.008 -22"><span class='ocrx_word' id='word_1_224' title='bbox 195 3323 326 3383; x_wconf 85' lang='lat' dir='ltr'>Exilium</span> <span class='ocrx_word' id='word_1_225' title='bbox 343 3325 477 3399; x_wconf 90' lang='lat' dir='ltr'>quodam</span> <span class='ocrx_word' id='word_1_226' title='bbox 491 3332 630 3402; x_wconf 88' lang='lat' dir='ltr'>tempore</span> <span class='ocrx_word' id='word_1_227' title='bbox 640 3325 733 3387; x_wconf 86' lang='lat' dir='ltr'>Tibur</span> <span class='ocrx_word' id='word_1_228' title='bbox 746 3334 821 3387; x_wconf 87' lang='lat' dir='ltr'>erut.</span> 
     </span>
     <span class='ocr_line' id='line_1_37' title="bbox 155 3406 947 3484; baseline 0.003 -17"><span class='ocrx_word' id='word_1_229' title='bbox 155 3406 315 3480; x_wconf 83' lang='lat' dir='ltr'>Quaeritur</span> <span class='ocrx_word' id='word_1_230' title='bbox 328 3407 359 3466; x_wconf 91' lang='lat' dir='ltr'>in</span> <span class='ocrx_word' id='word_1_231' title='bbox 375 3425 490 3470; x_wconf 88' lang='lat' dir='ltr'>scaena</span> <span class='ocrx_word' id='word_1_232' title='bbox 504 3425 582 3471; x_wconf 86' lang='lat' dir='ltr'>cava</span> <span class='ocrx_word' id='word_1_233' title='bbox 594 3410 682 3482; x_wconf 85' lang='lat' dir='ltr'>tibia,</span> <span class='ocrx_word' id='word_1_234' title='bbox 699 3411 857 3484; x_wconf 83' lang='lat' dir='ltr'>quaeritur</span> <span class='ocrx_word' id='word_1_235' title='bbox 869 3410 947 3472; x_wconf 75' lang='lat' dir='ltr'>arist</span> 
     </span>
     <span class='ocr_line' id='line_1_38' title="bbox 194 3490 795 3566; baseline 0.007 -17"><span class='ocrx_word' id='word_1_236' title='bbox 194 3490 284 3551; x_wconf 86' lang='lat' dir='ltr'>Ducit</span> <span class='ocrx_word' id='word_1_237' title='bbox 297 3508 460 3566; x_wconf 87' lang='lat' dir='ltr'>supremos</span> <span class='ocrx_word' id='word_1_238' title='bbox 475 3495 585 3556; x_wconf 91' lang='lat' dir='ltr'>naenia</span> <span class='ocrx_word' id='word_1_239' title='bbox 599 3494 681 3555; x_wconf 85' lang='lat' dir='ltr'>nulla</span> <span class='ocrx_word' id='word_1_240' title='bbox 698 3500 795 3556; x_wconf 85' lang='lat' dir='ltr'>toros.</span> 
     </span>
    </p>
   </div>
   <div class='ocr_carea' id='block_1_6' title="bbox 0 0 1164 3960">
    <p class='ocr_par' dir='ltr' id='par_1_6' title="bbox 0 0 1164 3960">
     <span class='ocr_line' id='line_1_39' title="bbox 0 0 1164 3960; baseline 0 1"><span class='ocrx_word' id='word_1_241' title='bbox 0 0 1164 3960; x_wconf 95' lang='lat' dir='ltr'> </span> 
     </span>
    </p>
   </div>
  </div>
 </body>
</html>
