2318 3960
438 208 487 279 111,
500 208 530 278 3,
542 206 654 278 24—4,
670 211 719 271 .0.

199 356 340 434 Spiritus,
356 366 387 419 et
398 357 491 419 Samii
507 365 579 420 sunt
590 365 656 419 rata
667 358 749 422 dlota
764 360 857 432 senis,

155 441 239 502 Inter
249 440 435 503 Sarmaticas
447 444 584 504 Romana
599 440 761 516 vagabitur
776 442 909 516 umbras,

197 525 318 601 Perque
329 527 414 588 leros
425 542 532 587 manes
548 524 672 600 hospita
686 541 810 603 semper
825 525 891 586 erit.

96 615 133 670 ba
156 605 235 668 Ossa
248 615 351 670 tamen
367 609 459 671 lacito
475 624 572 684 parva
585 610 755 670 referantur
770 609 800 670 in
817 626 904 670 urna.

199 689 251 752 Sic
267 708 325 768 ego
339 710 400 755 non
417 692 509 754 etiam
524 700 663 753 mortuus
677 695 748 753 exul
763 709 827 754 ero.

156 773 223 835 Non
236 783 319 837 vetat
329 776 390 854 hoc
403 777 577 852 quisquam.
588 777 724 837 Fratrem
732 777 878 838 Thebana
888 784 1080 855 peremptum

132 898 134 903 s
197 856 370 936 Subpoauit
381 859 497 922 tumulo
511 875 585 935 rege
598 866 720 921 vetante
732 877 832 924 soror.

154 943 259 1017 Atque
273 957 311 1004 ca
327 959 395 1005 cum
410 943 492 1004 loliis
505 950 536 1003 et
550 942 663 1004 amomi
677 945 805 1019 pulvere
817 942 921 1016 misce,

98 1030 134 1087 lo
198 1025 295 1101 luque
307 1027 485 1089 suburbano
502 1027 626 1088 condita
637 1042 720 1103 pone
732 1027 811 1089 solo.

155 1107 302 1184 Quosque
313 1113 396 1186 legat
408 1126 517 1172 versus
530 1112 620 1171 oculo
636 1117 823 1187 properante
836 1110 945 1182 viator,

198 1192 411 1256 Grandibusin
435 1194 513 1256 tituli
535 1209 686 1255 marmore
699 1196 796 1255 caede
818 1193 920 1255 notis:

154 1290 203 1334 urc
217 1293 295 1340 orco
309 1311 316 1325 ·
329 1295 377 1348 our
390 1313 397 1328 ·
410 1294 501 1340 roceo
515 1310 522 1326 ·
536 1293 715 1338 ruurnonuu
728 1311 734 1323 ·
746 1295 842 1338 rusca
862 1309 869 1323 ·
887 1292 1017 1338 nuoaun

196 1375 318 1424 monnio
331 1399 338 1412 ·
353 1377 433 1422 rrnrr
452 1392 459 1408 ·
477 1377 557 1423 anso
576 1394 583 1408 ·
600 1377 696 1422 roera
714 1398 721 1413 ·
736 1377 798 1421 nro
1025 1366 1082 1433 [srr

96 1450 132 1506 75
154 1459 287 1503 nr0rrn1
300 1460 529 1513 ·ou1.rannsrs
542 1479 550 1494 ·
562 1461 599 1504 ur
612 1471 619 1487 ·
632 1461 679 1505 srr
692 1474 699 1490 ·
713 1460 973 1513 onam-oursours
984 1477 991 1493 ·
1003 1457 1082 1502 lun·

195 1543 301 1586 urcrnr
314 1563 321 1577 ·
332 1545 462 1590 nnsonrs
477 1563 484 1578 ·
497 1543 644 1588 nonomen
658 1557 666 1575 ·
679 1544 757 1590 ossa
770 1562 777 1576 ·
790 1543 900 1587 cussrr

153 1609 222 1671 Hoc
237 1609 312 1672 satis
330 1610 360 1671 in
379 1611 462 1672 titulo
481 1618 538 1673 est.
577 1610 688 1674 etenim
705 1611 822 1678 maiora
839 1610 931 1672 libelli

199 1694 238 1755 rt
258 1693 400 1756 diuturna
413 1693 511 1770 magis
528 1702 600 1757 sunt
614 1694 801 1757 monimenta
815 1693 895 1770 mihi,

153 1775 238 1850 Quos
256 1794 314 1853 ego
331 1778 471 1854 conlido,
489 1779 629 1854 quamvis
653 1794 801 1850 nocuere,
822 1781 948 1838 daturos

49 1861 52 1864 ’
87 1867 124 1920 80
195 1860 313 1921 Nomen
328 1869 359 1922 et
373 1861 491 1922 auctori
503 1870 643 1938 tempora
654 1864 746 1939 longa
761 1878 829 1923 suo.

152 1944 198 2003 Tu
214 1948 316 2005 tamen
336 1945 470 2006 extincto
487 1946 591 2005 feralia
609 1962 734 2006 munera
749 1960 873 2019 semper

195 2026 303 2104 Deque
319 2027 378 2089 tuis
394 2028 528 2088 lacrimis
543 2027 668 2089 humida
683 2035 767 2089 serta
786 2028 867 2088 dato.

153 2108 297 2184 Quamvis
311 2109 342 2170 in
357 2109 476 2174 cineres
495 2128 609 2187 corpus
626 2112 790 2173 mutaverit
805 2109 894 2186 ignis,

196 2193 313 2255 Sentiet
327 2194 463 2256 officium
476 2202 593 2256 maesta
606 2195 708 2256 favilla
718 2194 813 2272 pium.

95 2286 130 2338 85
154 2275 296 2339 Scribere
312 2279 402 2354 plura
417 2277 499 2339 libet.
529 2280 586 2341 sed
602 2295 664 2340 vox
680 2279 750 2338 mihi
767 2280 851 2338 lesse
865 2277 1021 2351 loquendo

193 2359 334 2422 Dictandi
350 2362 432 2422 vires
445 2363 592 2437 siccaque
608 2363 710 2437 lingua
722 2368 823 2437 negat.

151 2443 270 2520 Accipe
284 2461 429 2522 supremo
447 2444 562 2506 dictum
576 2445 648 2506 mihi
660 2445 789 2508 forsitan
807 2461 870 2516 ore,

195 2527 298 2601 Quod,
313 2527 369 2589 tibi
385 2529 437 2602 qui
450 2528 553 2600 mittit,
569 2546 631 2590 non
649 2530 743 2589 habel
756 2527 838 2605 ipse,
856 2530 937 2587 vale!

87 2676 128 2768 4·
153 2675 183 2768 (Ι
198 2711 270 2772 milri
281 2728 353 2774 care
364 2714 490 2789 quidem
505 2729 637 2789 semper,
651 2715 708 2773 sed
722 2721 862 2788 tempore
878 2715 955 2773 duro

195 2793 330 2871 cognite,
346 2812 397 2857 ros
409 2802 576 2872 postquam
588 2797 782 2871 procubuere
797 2812 898 2856 meae:

151 2877 266 2939 Usibus
287 2880 399 2942 edocto
414 2879 438 2940 sl
456 2881 619 2957 quicquam
633 2879 734 2941 credis
751 2879 860 2957 amico,

191 2960 272 3023 Vive
290 2963 343 3024 tibi
357 2971 389 3025 et
402 2966 495 3038 longe
511 2963 634 3025 nomina
648 2979 759 3038 magna
770 2965 852 3039 luge.

106 3055 123 3105 5
151 3044 228 3106 Vive
245 3046 308 3120 tibi,
326 3054 536 3123 quantumque
548 3054 640 3124 potes
652 3048 834 3123 praelustria
845 3043 919 3106 vita.

194 3127 327 3191 Saevum
339 3131 501 3206 praelustri
513 3132 627 3192 lulmen
642 3131 680 3190 ab
693 3145 765 3190 aroc
775 3126 870 3189 venit.

151 3213 227 3272 Nam
243 3231 431 3289 quamquam
443 3214 501 3275 soli
515 3221 648 3290 possunt
661 3214 815 3290 prodesse
832 3219 983 3292 potentes

191 3295 260 3358 Non
271 3297 373 3374 prosit
384 3298 497 3373 potius,
510 3297 608 3373 siquis
621 3299 735 3359 obesse
746 3303 859 3372 potest.

150 3377 267 3455 Effugit
277 3381 422 3452 hibernas
434 3382 569 3443 demissa
580 3388 725 3442 antemna
735 3383 900 3457 procellas,

99 3470 135 3525 10
192 3462 328 3538 Lataquc
343 3465 414 3540 plus
428 3463 534 3539 parvis
550 3466 619 3524 vela
635 3464 754 3525 timoris
766 3464 889 3523 habent.
