2318 3960
387 271 446 346 Vl,
468 267 637 333 nte—294
966 269 1027 335 828

91 426 179 487 Deua
193 432 302 503 quater
315 430 485 486 memorant
498 422 645 484 habuisse
658 422 769 484 Parilia
781 425 920 498 Romam,

137 511 209 571 Cum
224 509 367 570 flammeo
382 514 489 570 eustos
505 507 583 567 aede
596 515 721 584 recepte
736 524 795 570 sua
810 513 872 569 est:

92 594 186 669 Regis
202 609 281 669 opus
297 593 426 670 placidi,
443 607 505 668 quo
521 596 583 650 non
599 592 781 654 metuentius
796 593 889 652 ullum

37 687 79 742 tto
137 677 273 738 Numinis
289 676 444 752 ingenium
456 683 538 736 terre
553 674 668 737 Sabina
682 676 758 738 tulit.

93 762 177 836 Quae
192 778 273 822 nune
288 777 360 821 uere
378 760 482 832 vides,
500 759 615 835 stipula
628 767 691 821 tum
704 768 785 822 teoto
799 760 932 834 videres,

130 845 168 905 Et
183 845 285 920 paries
301 847 383 905 lento
397 842 510 905 vimine
524 850 626 905 textus
647 853 721 906 erat.

90 929 147 989 Hie
163 931 250 990 locus
266 930 413 1005 exiguus,
432 927 484 1003 qui
500 928 630 989 sustinet
644 929 721 989 atria
735 928 859 1005 Vestae,

132 1013 215 1074 Tunc
231 1019 296 1074 erat
310 1013 423 1074 intonsi
438 1011 524 1087 regie
538 1028 650 1088 magna
662 1013 788 1073 Numae.

37 1105 77 1161 ton
92 1097 204 1158 Forma
217 1104 318 1158 tamen
332 1097 452 1173 templi,
469 1112 548 1171 quae
563 1111 644 1157 nunc
659 1103 774 1172 manet,
791 1101 860 1157 ente
875 1096 973 1158 luisse

134 1182 258 1243 Dicitur.
288 1188 318 1242 et
332 1183 449 1242 formae
464 1195 559 1241 eausa
574 1180 736 1256 probando
750 1181 866 1242 subest.

90 1268 188 1327 Vesta
202 1267 320 1342 eadem,
343 1282 423 1341 quae
437 1266 538 1326 Terra.
568 1265 676 1326 subest
692 1266 765 1341 vigil
780 1264 859 1342 ignis
880 1264 1010 1340 utrique.

134 1351 313 1426 Significant
327 1351 434 1411 sedern
449 1357 530 1410 terra
545 1349 697 1425 locusque
712 1365 809 1414 suem.

89 1436 183 1495 Terre
197 1436 278 1512 pilae
294 1434 416 1507 similis,
436 1434 519 1494 nullo
534 1433 689 1494 fulcimine
705 1434 787 1508 nixa,

37 1528 74 1584 to
135 1521 216 1581 Aere
232 1520 371 1581 subiecto
386 1525 447 1578 tam
459 1533 555 1594 grave
570 1518 684 1594 pendet
699 1534 787 1579 onus.

89 1604 163 1679 lpse
178 1603 354 1664 volubilitas
370 1602 510 1662 libratum
526 1603 657 1662 sustinet
671 1602 786 1677 orbem,

132 1688 250 1764 Quique
265 1693 383 1764 premnt
398 1691 517 1762 portes,
534 1687 664 1762 ungulus
680 1686 780 1746 omnis
795 1685 892 1746 abest.

90 1773 226 1849 Cumque
241 1772 325 1833 sitin
339 1771 440 1831 medio
455 1785 555 1829 rerum
569 1771 696 1846 regione
711 1771 819 1845 lunata,

131 1856 169 1916 Et
184 1863 286 1932 tanget
301 1857 414 1915 nullum
430 1854 542 1931 plusve
559 1855 699 1915 minusve
713 1855 802 1930 latus,

36 1950 73 2006 75
88 1940 125 1999 Ni
141 1955 282 2001 convexo
297 1940 389 2014 soret,
409 1937 489 2014 parti
504 1937 633 1998 vicinior
647 1946 752 2010 esset·

132 2023 195 2084 Neo
210 2024 344 2084 medium
358 2029 469 2083 terram
483 2023 615 2083 mundus
630 2021 758 2084 haberet
773 2039 861 2085 onus.

90 2109 165 2168 Arte
179 2107 348 2187 Syracosia
364 2121 538 2183 suspensus
554 2106 584 2166 in
600 2110 672 2167 aire
687 2107 793 2168 clauso

134 2191 199 2252 Stat
213 2192 340 2267 globus,
358 2189 498 2251 immensi
513 2207 610 2267 parve
624 2191 722 2267 ligura
736 2193 816 2267 poli:

88 2276 126 2336 Et
142 2283 285 2352 quantum
302 2293 321 2336 a
339 2276 481 2348 summis,
502 2281 618 2336 tantum
633 2276 764 2336 secessit
778 2274 816 2336 ab
831 2276 901 2339 imis
986 2291 992 2305 ·

37 2371 74 2426 80
133 2360 234 2419 Terra.
265 2361 350 2435 quod
369 2367 403 2421 ut
415 2361 483 2432 ilat,
502 2361 600 2419 forma
614 2359 747 2420 rotunda
761 2359 842 2421 iacit.

88 2442 147 2504 Par
161 2445 256 2505 iacies
272 2444 385 2520 templi.
416 2443 518 2504 nullus
537 2444 690 2519 procurrit
703 2443 733 2503 in
749 2443 800 2505 illo

131 2530 281 2603 Angulus.
313 2529 450 2604 apluvio
466 2528 601 2588 vindieat
615 2528 711 2587 imbre
727 2527 839 2590 tholus.

90 2613 149 2673 Cur
164 2613 203 2673 sit
218 2612 378 2688 virgineis,
404 2612 542 2686 quaeris,
565 2613 624 2672 dee
639 2612 719 2673 culte
734 2613 901 2674 ministrist
932 2638 934 2642 ·

130 2697 288 2757 inveniam
303 2711 414 2756 causes
430 2695 488 2754 hae
504 2712 629 2771 quoque
644 2703 732 2772 parte
746 2713 830 2758 suas.

37 2792 72 2847 85
87 2780 136 2840 Ex
152 2779 218 2856 Ope
232 2783 379 2841 lunonem
393 2786 564 2840 memorant
578 2780 782 2856 Cereremque
797 2788 915 2842 creatas

132 2863 255 2925 Semine
274 2864 407 2926 Saturni.
436 2864 525 2926 tertio
538 2864 635 2924 Veste
650 2865 714 2925 luit.

86 2949 224 3025 Utroque
244 2956 426 3025 nupserunt,
447 2948 555 3008 ambae
570 2949 733 3025 peperisse
748 2949 897 3009 feruntur:

129 3033 175 3092 De
189 3033 287 3093 tribus
303 3033 465 3108 impatiens
480 3033 590 3094 restitit
603 3050 664 3093 una
678 3032 745 3092 viri.

87 3117 167 3191 Quid
181 3116 305 3190 mirum,
327 3117 415 3193 virgo
431 3116 458 3178 si
472 3117 591 3192 virgine
605 3117 685 3178 laeta
696 3115 837 3176 ministra

37 3210 72 3266 90
130 3200 271 3262 Admittit
285 3207 388 3262 unstus
405 3201 445 3260 ed
460 3217 518 3262 sue
532 3217 622 3263 sacru
636 3207 767 3262 manus?

86 3283 151 3345 Neo
166 3291 199 3345 tu
218 3286 300 3347 aliud
314 3286 457 3359 Vestem,
476 3301 567 3361 quam
582 3284 684 3345 vivam
699 3284 841 3360 intellege
855 3282 1007 3345 flammam

130 3368 270 3445 Nataque
284 3369 323 3429 de
338 3368 462 3430 flamma
477 3384 609 3446 corpore
625 3371 707 3430 nullu
721 3369 821 3430 vides.

87 3451 158 3512 lure
172 3450 262 3529 igitur
275 3453 365 3528 virgo
380 3459 442 3526 est,
460 3468 540 3527 quae
554 3453 671 3514 semine
686 3454 768 3514 nulla
782 3451 912 3528 remittit,

131 3533 194 3596 Neo
209 3538 306 3614 eupit,
321 3543 351 3597 et
365 3535 494 3598 comites
508 3536 690 3612 virginitatis
705 3534 815 3680 Ιιοὶέοιιὲι
