2318 3960
411 184 441 259 1,
461 185 499 259 t,
521 184 657 249 25-94,

113 336 127 396 l
142 351 223 397 nunc
237 342 269 396 et
282 342 418 396 veterum
432 335 522 397 nobis
537 336 680 412 exempla
695 337 837 416 virorum,

158 419 213 494 Qui
229 419 299 480 lorti
317 435 423 480 casum
438 428 539 480 mente
554 421 664 495 tulere,
679 423 776 482 refert

113 504 152 564 Et
165 518 261 578 grave
274 503 459 579 magnanimi
472 503 567 565 robur
582 503 694 565 mirare
707 505 800 567 Rutili

154 588 219 646 Non
235 586 284 648 usi
298 587 415 649 reditus
431 587 613 649 condicione
627 587 700 649 dati.

61 677 97 732 65
113 670 245 750 Smyrna
260 670 358 732 virum
371 671 482 746 tenuit,
500 688 562 733 non
576 671 690 732 Pontus
705 680 736 732 ct
749 671 868 735 hostica
881 677 980 754 tellus,

153 754 254 814 Paene
267 755 368 815 minus
382 757 465 816 nullo
481 754 614 832 Smyrna
627 755 762 831 petenda
774 758 854 819 loco.

112 839 179 899 Non
194 837 290 898 doluit
304 839 402 914 patria
416 838 549 916 cynicus
563 841 671 915 procul
685 854 757 900 esse
772 839 941 918 Sinopensi

153 922 241 997 Legit
250 922 331 982 enim
346 922 455 997 sedas
469 922 572 983 Attica
585 931 680 997 terra,
695 930 773 983 luas.

112 1007 208 1066 Arma
220 1005 385 1067 Neoclides
401 1007 452 1082 qui
469 1006 593 1068 Persica
608 1008 744 1067 contudit
757 1011 858 1082 armis,

63 1101 100 1157 70
154 1090 301 1165 Argolica
313 1090 442 1166 primam
457 1091 554 1152 sensit
568 1092 599 1150 in
614 1090 689 1150 urbo
703 1091 816 1166 lugam.

113 1173 223 1236 Pulsus
237 1172 391 1235 Aristides
406 1175 504 1250 patria
517 1174 752 1235 Lacedaemona
766 1175 850 1252 fugit,

153 1258 235 1317 Inter
250 1273 328 1334 quas
343 1257 484 1335 dubium,
503 1274 584 1335 quae
598 1257 683 1333 prior
697 1267 796 1331 esset,
816 1268 890 1321 crat.

115 1341 216 1402 Caede
230 1356 307 1418 puer
321 1343 403 1402 lacta
415 1342 574 1405 Patroclus
590 1341 713 1416 Opunta
727 1342 878 1418 relinquit

155 1425 427 1500 Thessalicamque
442 1427 516 1487 adiit
530 1426 648 1500 hospes
661 1425 790 1486 Achillis
805 1427 941 1490 humum.

62 1512 97 1569 75
109 1508 189 1569 Exul
204 1508 242 1568 ab
257 1509 428 1571 Haemonia
443 1510 585 1571 Pirenida
600 1509 694 1570 cessit
707 1509 748 1569 ad
761 1511 883 1585 undam,

155 1591 221 1666 Quo
236 1593 316 1654 duce
330 1592 413 1654 trabs
426 1594 539 1655 Colcha
553 1609 643 1655 sacra
657 1594 789 1656 cucurrit
801 1611 891 1671 aqna

112 1675 215 1751 Liqnit
231 1675 425 1752 Agenorides
441 1677 570 1739 Sidonia
583 1678 705 1738 moenia
720 1677 864 1756 cadmus,

153 1759 284 1821 Poneret
297 1768 331 1820 ut
344 1762 493 1824 murosin
508 1760 634 1823 meliore
648 1762 729 1822 loco.

112 1845 205 1904 Venit
218 1844 258 1904 ad
271 1844 438 1905 Adrastum
450 1846 575 1922 Tydeus
588 1845 746 1924 Calydone
760 1846 892 1920 fugatus,

61 1931 98 1984 80
152 1928 189 1987 Et
202 1930 350 1988 Teucrum
363 1930 477 1990 Veneri
491 1937 578 2006 grata
590 1929 707 2004 recepit
719 1929 840 1990 humus.
881 1952 885 1959 ยน

115 2011 194 2085 Quid
206 2012 338 2072 referam
352 2019 473 2075 veteres
486 2015 644 2075 Romanae
659 2013 771 2087 gentis,
787 2013 870 2089 apud
886 2031 965 2089 quos

152 2094 300 2157 Exuiibus
315 2096 405 2157 tellus
418 2098 522 2158 ultima
535 2096 628 2157 Tibur
642 2102 729 2156 eratt

113 2177 286 2255 Persequar
298 2186 334 2240 ut
347 2188 490 2256 cunctos,
506 2181 578 2242 nulli
594 2181 684 2241 datus
699 2179 841 2241 omnibus
856 2181 942 2242 aevis

154 2265 227 2323 Tam
242 2265 351 2338 procul
365 2280 385 2323 a
398 2265 497 2339 patria
511 2273 560 2326 est
573 2263 767 2325 horridiorve
780 2264 879 2326 locus.

61 2359 97 2414 85
114 2346 178 2420 Quo
194 2345 292 2422 magis
306 2346 447 2423 ignoscat
461 2349 612 2425 sapientia
626 2355 729 2409 vestra
743 2347 868 2423 dolenti,

156 2430 213 2504 Qui
229 2431 301 2490 iacit
314 2446 353 2491 ex
373 2431 463 2492 dictis
478 2449 539 2493 non
555 2433 597 2492 ita
609 2433 703 2492 multa
718 2433 804 2493 catis.

112 2513 175 2574 Nec
188 2522 290 2574 tamen
305 2514 431 2589 iniitior,
448 2516 475 2575 si
490 2516 612 2592 possint
625 2524 731 2576 nostra
744 2516 827 2576 coire

154 2599 305 2672 Vulnera,
321 2601 494 2675 praeceptis
509 2616 606 2675 posse
624 2599 707 2660 coire
721 2599 791 2660 tuis.

114 2680 176 2742 Sed
191 2697 317 2756 vereor,
332 2698 371 2743 nc
385 2698 434 2742 me
449 2685 562 2745 frustra
575 2698 702 2745 servare
716 2681 848 2755 labores,

59 2772 98 2826 90
151 2765 217 2826 Neu
232 2765 319 2826 iuver
332 2766 457 2828 admota
472 2769 609 2843 perditus
624 2781 716 2841 aeger
730 2781 799 2841 ope.

112 2847 175 2908 Nec
190 2851 304 2924 loquor
316 2849 410 2923 haec,
427 2852 501 2927 quia
515 2853 554 2912 sit
567 2851 666 2912 maior
680 2849 842 2925 prudentia
856 2849 956 2925 nobis,

154 2931 217 2993 Sed
232 2933 289 2993 sim
305 2949 398 3010 quam
412 2937 532 2997 medico
547 2935 648 2995 notior
661 2933 730 3009 ipse
745 2932 827 2993 mihi.

112 3015 152 3077 Ut
165 3024 268 3077 tamen
281 3017 342 3077 hoc
356 3017 399 3077 ita
412 3018 466 3094 sit,
482 3036 593 3081 munus
608 3027 660 3079 tua
674 3017 792 3093 grande
807 3016 951 3077 voluntas
963 3080 966 3083 ,

149 3100 199 3160 Ad
213 3115 263 3160 me
276 3100 431 3178 pervenit,
448 3103 680 3178 consuliturque
693 3100 775 3163 boni.

430 3267 639 3283 -fflm
