2318 3960
450 217 501 292 111,
521 215 550 288 l,
573 214 709 277 23-98.
1009 213 1085 278 'ist

151 373 249 434 Crede
263 370 346 445 mihi,
363 369 505 444 quotiens
521 368 655 428 laudaris
671 367 806 427 carmine
820 375 935 442 nostro,

192 456 248 531 Qui
263 454 335 530 legit
348 453 405 512 has
422 452 538 526 iauch,
560 468 597 511 an
614 466 761 525 mercare,
783 460 881 528 rogat.

150 542 251 614 thue
265 539 370 597 iavere
384 551 455 596 reor
469 537 573 611 plures
588 535 749 596 virtutibus
763 536 841 610 istis,

192 623 243 685 Sic
258 631 310 683 tua
325 635 386 680 non
402 634 521 694 paucae
536 634 664 695 carpere
675 621 756 680 iacta
769 621 883 679 volent.

107 720 142 773 65
153 709 253 783 Quare
267 713 299 765 tu
315 711 447 779 praesta,
470 719 509 763 ne
522 703 615 763 Livor
629 702 733 763 dicere
747 704 848 779 possit
882 757 889 769 .

191 792 287 864 ‘Haec
302 794 349 848 est
365 802 421 863 pro
435 788 539 848 miseri
553 788 635 847 iente
649 787 748 848 sainte
764 786 842 846 viri!

152 877 288 951 cunique
302 888 360 947 ego
376 871 527 945 deficiam,
548 887 606 932 nec
622 872 739 946 possim
755 872 867 931 ducere
883 888 1012 945 currum,

191 959 252 1019 Fac
265 965 299 1018 tu
313 956 468 1017 sustineas
483 955 584 1017 debile
598 956 666 1015 sola
681 955 793 1030 iugum.

151 1044 201 1104 Ad
216 1042 367 1102 medicum
383 1047 490 1115 specto
504 1039 593 1100 venis
609 1039 797 1115 fugientibus!
810 1054 917 1115 aeger:

109 1138 144 1195 ιο
195 1127 307 1188 Ultima
321 1141 394 1202 pars
410 1125 529 1183 animae
543 1124 615 1184 dum
629 1124 701 1182 mihi
716 1129 819 1195 restat,
839 1123 925 1185 ades.

151 1212 303 1286 Quodque
317 1225 376 1285 ego
393 1215 591 1283 praestarem,
612 1207 639 1267 si
653 1214 683 1266 ιε
697 1208 794 1282 magis
809 1207 878 1282 ipse
892 1211 1035 1282 valerem,

191 1295 226 1353 ld
241 1294 322 1367 mibi,
345 1309 414 1354 cum
429 1294 536 1353 valcas
549 1293 657 1352 fortius
674 1293 751 1366 ipsa,
775 1290 865 1350 refer.

150 1378 252 1454 Exigit
265 1377 327 1438 hoc
341 1377 467 1437 socialis
483 1392 570 1436 amor
584 1377 757 1451 foedusque
771 1374 924 1436 maritum:

193 1462 331 1522 Moribus
347 1461 416 1536 hoc,
438 1459 582 1534 coniuorr,
605 1461 703 1535 exigis
718 1459 786 1536 ipsa
800 1459 870 1518 tuis.

109 1557 143 1614 75
154 1549 221 1607 Hoc
237 1547 341 1607 domui
355 1545 462 1619 debes,
485 1544 525 1604 dc
541 1561 603 1620 qua
619 1544 764 1618 censeris,
786 1549 819 1605 ut
833 1544 915 1606 iilam

192 1631 258 1690 Non
276 1629 374 1705 magis
391 1628 501 1689 officiis
518 1644 610 1704 quam
624 1628 775 1704 probitate
790 1627 884 1690 coles.

152 1715 267 1776 Cuncta
280 1714 352 1774 licet
367 1713 472 1787 iacias,
492 1713 550 1772 nisi
566 1712 627 1774 eris
642 1711 803 1773 laudabilis
819 1728 906 1788 uxor,

192 1799 260 1859 Non
275 1797 386 1874 poterit
401 1796 485 1857 credi
499 1797 615 1857 Marcia
630 1799 710 1858 culta
723 1796 787 1855 tibi.

151 1884 215 1944 Nec
230 1898 336 1944 sumus
351 1881 478 1956 indigni.
511 1896 577 1955 uec,
599 1881 626 1941 si
640 1879 687 1940 vis
702 1897 777 1940 vera
792 1880 885 1953 interi,

110 1979 146 2032 80
196 1967 332 2028 Debetur
345 1965 460 2026 merids
475 1965 573 2039 gratia
587 1965 670 2025 nulla
685 1965 770 2023 meis.

152 2051 303 2117 Redditur
315 2051 366 2110 ille
384 2049 508 2125 quidem
522 2049 632 2124 grandi
650 2064 719 2108 cum
733 2050 840 2107 fenore
854 2045 951 2119 nobis,

193 2135 309 2207 Necte,
333 2135 360 2194 si
376 2134 487 2208 cupiat,
511 2133 634 2193 loedere
649 2148 754 2192 rumor
767 2131 868 2191 habet.

154 2219 216 2279 Sed
233 2226 333 2279 tamen
348 2219 408 2279 boc
425 2218 514 2278 tactis
530 2217 663 2292 adiunge
676 2215 832 2292 prioribus
846 2230 948 2289 unum,

194 2303 252 2361 Pro
268 2302 381 2363 nostris
397 2300 434 2362 ut'
444 2302 487 2361 sis
502 2301 664 2361 ambitiosa
678 2301 776 2360 malis.

112 2396 146 2449 85
156 2387 195 2448 Ut
209 2387 309 2448 minus
323 2386 436 2446 infesto
451 2385 568 2445 iaceam
582 2384 723 2460 regione,
746 2382 868 2443 labora:

196 2470 311 2531 Claude
325 2485 381 2530 nec
397 2468 491 2530 officii
505 2485 578 2545 pars
593 2470 649 2529 erit
663 2469 726 2529 ulia
739 2467 792 2527 tui.

154 2555 265 2628 Magna
280 2560 360 2629 peto,
382 2554 439 2615 sed
454 2569 515 2615 non
530 2560 630 2614 tumen
646 2552 800 2612 invidiosa
813 2549 946 2626 roganti:

195 2638 296 2714 thue
310 2654 348 2698 ca
363 2655 425 2698 non
439 2644 555 2709 teneas,
577 2642 641 2697 tuta
655 2636 781 2711 repulsa
794 2641 846 2695 tue
859 2638 916 2694 est.

155 2722 216 2782 Nec
232 2722 304 2781 mihi
319 2737 480 2796 succense,
500 2721 611 2781 totiens
626 2720 653 2780 si
669 2719 802 2781 carmine
816 2722 922 2778 nostro

113 2813 148 2866 90
200 2805 288 2880 Quod
304 2806 390 2881 iocis,
412 2812 445 2866 ut
460 2805 566 2879 iacias,
587 2812 679 2879 teque
694 2803 820 2876 imitere,
843 2815 930 2874 rogo.

154 2890 294 2951 Fortibus
311 2890 448 2951 assuevit
461 2889 583 2950 tubicen
598 2887 760 2965 prodesse.
795 2898 915 2958 suoque
937 2925 940 2931 -

197 2974 264 3033 Dux
280 2975 359 3034 bene
375 2974 538 3049 pugnantis
553 2973 657 3033 incitat
672 2988 725 3032 ore
739 2971 834 3033 viros.

155 3058 233 3116 Nota
248 3066 299 3118 tua
314 3065 361 3118 est
376 3057 511 3133 probitas
528 3064 700 3132 testataque
715 3062 836 3130 tempus
851 3053 880 3112 in
897 3066 1002 3111 omne=

199 3139 244 3200 Sit
259 3142 353 3203 virtus
368 3141 459 3202 etiam
474 3158 536 3202 non
551 3141 702 3217 probitate
716 3139 824 3199 minor.

113 3229 147 3284 95
157 3223 223 3284 Non
238 3225 291 3285 tibi
305 3226 475 3287 Amazonia
490 3234 537 3285 est
551 3243 607 3300 pro
623 3240 672 3282 mc
687 3223 838 3283 sumenda
852 3220 978 3291 securis

198 3310 260 3369 Aut
275 3310 381 3372 excisa
395 3310 455 3370 levi
472 3310 553 3384 pelta
567 3307 702 3384 gerenda
716 3322 818 3369 manu.

155 3392 272 3453 Numen
287 3394 479 3454 adorandum
495 3400 551 3453 est.
583 3407 645 3452 non
660 3399 692 3452 ut
705 3390 779 3451 mihi
792 3391 846 3452 iiat
860 3391 998 3461 amicum,

198 3474 261 3538 Sed
276 3477 315 3537 sit
328 3483 362 3538 ut
375 3479 492 3551 iratum,
516 3493 607 3552 quum
622 3476 770 3547 scitante,
792 3475 902 3536 minus.
