2318 3960
113 201 172 269 1⁰2
538 198 688 264 lellus

231 353 435 428 Funereoque
448 366 560 428 paves
575 351 671 412 edidit
686 367 740 413 ore
754 367 861 415 sonos.

192 437 335 499 Protinus
348 435 534 504 Eumenides
550 436 655 496 lavere
671 436 859 511 palustribus
875 434 978 515 undis,

41 594 44 602 ι
229 520 296 595 Qua
311 535 388 580 cava
403 521 442 578 de
457 517 574 595 Stygiis
589 517 723 580 duxerat
736 517 821 581 unda
833 519 932 594 vadis,
1147 569 1156 600 f

131 610 182 668 aaa
192 603 382 679 Pectoraque
397 608 550 665 surxerunt
562 600 700 663 Erebeae
713 603 785 665 lette
800 602 955 674 colubrae,

40 694 42 711 ²
234 687 354 762 Terque
368 690 540 746 cruentatas
555 685 736 761 increpuere
749 701 867 755 manus.

193 769 382 844 Gutturaque
397 766 567 830 mrbuerant
581 768 709 830 infantia
722 768 801 831 lacte
816 769 963 831 canino
1146 624 1157 895 ι

233 853 290 912 Hic
303 853 420 929 primus
433 852 523 929 pueri
536 851 620 911 veuit
634 853 666 914 in
680 869 736 914 ora
750 852 852 914 cibusa

191 936 324 996 Perbibit
338 936 410 1000 inde
425 951 501 1006 suae
514 934 632 1001 rabiem
646 935 774 1014 nutricis
791 937 942 1013 alumnus,
1147 910 1153 1116 ¹

131 1028 182 1082 tto
234 1020 334 1079 Latrat
348 1025 378 1078 et
391 1019 422 1079 in
437 1025 500 1081 toto
516 1019 612 1079 verba
627 1020 736 1080 canina
751 1021 856 1081 foro..

190 1099 389 1178 Membraque
403 1102 568 1162 vinxerunt
578 1102 681 1167 tinctis
696 1103 849 1178 ferrugine
863 1101 984 1180 pannis,
1144 1152 1155 1201 t

230 1187 259 1245 A
273 1187 351 1245 male
365 1186 488 1245 deserto
505 1201 585 1262 qnos
599 1201 731 1262 rapuere
744 1202 837 1262 rogo:

190 1269 227 1328 ltt
240 1284 279 1329 ne
293 1285 355 1330 non
370 1269 476 1330 tultum
491 1269 575 1339 nuda
588 1271 695 1330 tellure
709 1269 831 1345 iaceret,

230 1352 322 1421 Molle
336 1368 431 1428 super
444 1351 548 1414 silices
562 1353 728 1429 inposuere
743 1360 845 1430 caput.

127 1436 315 1511 testamque
328 1451 510 1497 recessurae
524 1436 614 1499 viridi
630 1437 670 1497 de
684 1436 787 1512 stipite
802 1439 899 1501 lactas

230 1518 402 1581 Admorunt
417 1519 514 1580 oeulis
529 1534 631 1595 usque
646 1520 705 1580 sub
720 1536 775 1581 ora
788 1521 884 1582 laces.

188 1603 303 1676 Flebat,
324 1609 357 1662 ut
371 1608 420 1662 est
433 1602 533 1663 inians
549 1602 639 1665 sumis
655 1609 814 1666 contaetus
829 1604 957 1665 amaris=
1144 1492 1153 1725 1

228 1686 273 1745 lle
286 1685 383 1750 tribus
399 1692 447 1746 est
461 1701 531 1747 cum
545 1685 591 1746 sic
604 1702 667 1746 nna
680 1687 784 1748 locuta
799 1702 903 1749 sorore

189 1769 333 1844 ‘Tempus
348 1768 379 1829 in
394 1768 565 1831 inmensum
578 1769 720 1831 lacrimas
735 1770 789 1831 tibi
804 1771 955 1837 movimus
969 1769 1057 1839 istas.
1142 1748 1153 1801 ᾳ

125 1861 179 1915 ato
231 1851 314 1925 Quae
330 1867 453 1928 semper
467 1868 563 1915 causa
577 1853 751 1919 sufficiente
766 1854 897 1915 cadent?

189 1937 323 1998 Dixerat.
355 1941 386 1997 et
400 1935 506 1997 Clotho
521 1936 611 1998 iussit
624 1936 778 2021 promissa
791 1938 905 2012 valere,

229 2019 319 2080 Nevit
330 2026 363 2081 et
375 2019 488 2081 intesta
501 2020 632 2083 stamina
645 2021 731 2096 pulla
743 2037 845 2096 manu,

188 2103 226 2164 Et
239 2119 278 2163 ne
292 2104 386 2178 longa
400 2119 457 2165 suo
472 2103 635 2181 praesagia
649 2103 765 2164 diceret
778 2119 842 2179 ore,

230 2187 316 2246 ‘Fata
331 2194 420 2248 canet
433 2193 521 2248 vates
536 2186 590 2261 qni
603 2191 676 2261 tua’,
699 2186 776 2249 dixit
790 2188 880 2247 ‘erit’

125 2277 176 2332 245
188 2271 242 2330 llle
255 2285 313 2345 ego
329 2286 396 2330 snm
409 2276 508 2330 vates.
542 2287 582 2339 ex
596 2285 645 2331 me
659 2277 711 2330 tua
724 2262 853 2331 vulnera
868 2269 982 2348 disces,

226 2352 264 2414 Di
278 2353 373 2413 modo
386 2353 461 2419 dent
474 2354 555 2414 vires
571 2353 603 2414 in
616 2369 686 2414 meo
698 2351 794 2413 verba
809 2369 892 2414 suas.

187 2434 439 2513 Carminibusque
453 2436 530 2505 meis
546 2437 694 2499 accedent
708 2435 848 2511 pondera
862 2448 972 2515 rerum,
1150 2498 1155 2519 „

230 2519 314 2594 Quae
327 2526 394 2581 rata
408 2535 465 2596 per
477 2522 577 2583 luctus
592 2519 753 2596 experiare
766 2526 847 2581 tuos.
1144 2510 1152 2563 l

186 2603 271 2663 Neve
285 2603 353 2664 sine
368 2603 517 2679 exemplis
533 2603 602 2663 aeni
617 2602 753 2666 cruciere
767 2603 896 2680 prioris:
1125 2665 1128 2674 ,

122 2695 176 2751 Pto
226 2685 293 2748 Sint
306 2694 358 2748 tua
371 2686 509 2751 Troianis
523 2703 586 2749 non
600 2687 718 2751 leviora
731 2687 830 2751 malis.

186 2771 366 2847 Quantaque
380 2770 524 2845 clavigeri
537 2769 701 2832 Poeantius
716 2770 856 2832 Herculis
870 2770 971 2847 heres,

225 2854 320 2915 Tanta
334 2861 485 2914 venenato
501 2854 628 2916 vulnera
642 2868 731 2914 crure
744 2869 845 2928 geras.

184 2938 246 2999 Nec
260 2939 360 2998 levius
375 2937 492 3012 doleas,
516 2951 609 3019 quam
624 2937 678 3012 qui
691 2935 768 2999 bibit
780 2937 875 2998 ubera
889 2951 1010 3014 cervae,

225 3021 404 3095 Armatique
417 3021 483 3081 tulit
498 3022 618 3097 vulnus,
641 3021 764 3082 inermis
780 3037 881 3097 opem.

120 3111 174 3164 att
185 3103 303 3180 Quique
317 3104 356 3165 ab
372 3119 453 3180 equo
469 3119 621 3181 praeceps
637 3105 668 3165 in
681 3105 772 3167 Aleia
786 3103 900 3165 decidit
914 3119 998 3180 arva,
1139 3070 1156 3169 i

223 3187 324 3249 Exitio
339 3188 434 3250 iacies
450 3187 499 3249 cui
513 3204 572 3251 sua
585 3203 686 3266 paene
700 3189 765 3250 fuit.

183 3271 226 3343 ld,
250 3272 334 3345 qnod
347 3272 583 3352 Amyntorides,
605 3271 731 3348 videas,
754 3271 970 3351 trepidumque
982 3269 1120 3334 ntinistm

223 3352 431 3432 Praetemptes
445 3356 556 3419 baculo
571 3354 695 3419 luminis
710 3354 803 3418 orbus
817 3355 884 3416 iter.

183 3435 246 3497 Nec
260 3437 332 3512 plus
350 3438 493 3515 aspicias,
517 3455 610 3517 quam
625 3455 716 3517 quem
731 3454 789 3500 sua
802 3437 866 3499 fllia
878 3437 967 3512 rexit,
