2318 3960
472 253 500 295 v.
523 233 636 299 i-oe.

171 387 337 464 lunataque
352 402 420 448 oum
434 389 505 448 luna
520 387 633 448 lumina
647 390 723 450 solis
739 398 840 454 erunt=

126 469 264 546 Parsque
280 471 388 531 eadem
403 471 480 532 caeli
494 470 648 548 zephyros
664 473 778 536 omittet
791 481 821 537 ot
834 491 936 553 euros,

170 555 206 615 lit
219 553 341 631 tepidus
355 555 458 630 gelido
476 553 563 616 flabit
577 555 615 615 ab
631 572 691 616 axe
704 565 812 619 notus:

80 637 165 703 salit
179 654 259 699 nova
273 639 405 699 fraterno
420 639 522 700 veniet
537 640 703 701 concordia
717 642 809 718 sumo,

169 721 263 796 Quem
278 728 366 783 vetus
381 737 514 784 accensa
530 725 712 798 separatim
726 741 822 804 pyras

125 806 163 866 Et
177 821 232 868 ver
246 812 398 880 autumno,
418 806 545 866 brumae
559 805 734 870 miscebitur
748 816 861 886 aestas,

168 891 272 965 Atque
285 889 394 950 eadem
409 889 494 965 regio
509 905 624 964 vesper
637 897 667 952 et
681 898 764 952 ortus
780 893 852 954 erit:

126 973 220 1047 Quam
236 972 309 1033 mihi
324 973 364 1034 sit
377 980 477 1035 tecum
490 973 609 1049 positis,
634 990 714 1050 quae
728 977 925 1052 sumpsimus,
947 978 1041 1040 armis

79 1067 118 1120 40
172 1055 281 1132 Gratia,
304 1057 485 1131 commissis,
507 1057 655 1133 improbe,
676 1065 767 1133 rupta
781 1059 868 1119 tuisz·

125 1139 221 1213 Quam
235 1139 325 1200 dolor
338 1140 388 1200 hic
401 1156 546 1215 umquam
560 1140 660 1215 spatio
676 1156 863 1204 evanescere
877 1144 986 1222 possit,

167 1223 273 1284 Leniat
286 1228 338 1284 aut
352 1224 456 1285 odium
470 1231 592 1299 ternpus
608 1230 638 1284 et
652 1223 728 1285 hora
744 1240 855 1286 meum.

123 1305 187 1366 Pax
202 1307 349 1369 erithace
363 1306 465 1382 nobis,
486 1307 586 1370 donec
600 1307 674 1366 mihi
689 1308 751 1368 vita
763 1310 905 1384 manebit,

167 1390 240 1452 llum
251 1405 366 1467 pecore
381 1391 500 1452 infirmo
516 1406 596 1467 quae
610 1390 690 1452 solet
704 1406 775 1452 esse
790 1392 881 1467 lupis.

77 1487 115 1541 45
126 1474 225 1536 Prima
239 1475 364 1552 quidem
379 1482 489 1551 coepto
506 1475 688 1536 committam
702 1476 820 1552 proelia
833 1490 942 1539 versu:

165 1559 233 1621 Non
248 1560 367 1621 soleant
381 1560 522 1636 quamvis
536 1560 597 1620 hoe
610 1559 691 1635 pede
704 1559 784 1620 bella
799 1561 873 1635 geri.

123 1643 224 1718 thue
238 1643 314 1719 petit
327 1644 425 1720 primo
440 1646 564 1719 plenum
577 1642 719 1704 flaventis
734 1659 847 1706 arenae

165 1727 306 1786 Nondum
321 1727 440 1788 calfacti
455 1727 558 1787 militis
573 1727 663 1787 hasta
678 1728 793 1788 solum:

123 1809 175 1870 Sic
190 1825 247 1885 ego
262 1811 441 1870 tenendum
456 1811 537 1870 ierro
552 1809 710 1870 iaculabor
724 1817 823 1882 acuto,

75 1906 115 1960 50
167 1891 307 1954 Protinus
321 1892 454 1954 invisum
468 1909 525 1954 nee
538 1898 620 1969 petet
633 1893 723 1954 hasta
738 1897 843 1967 eaput=

121 1977 274 2051 Etneque
287 1991 399 2038 nomen
414 1977 445 2037 in
459 1976 529 2050 hoc,
553 1992 610 2036 neo
625 1976 725 2036 dicam
740 1976 819 2036 iacta
832 1974 953 2037 libellos

163 2060 268 2135 Teque
281 2059 376 2132 brevi,
402 2060 453 2135 qui
467 2060 521 2132 sis,
546 2059 739 2119 dissimulare
753 2059 860 2118 sinam.

119 2142 296 2217 Postmodo,
319 2143 347 2203 si
362 2157 483 2219 perges,
505 2141 536 2203 in
550 2148 582 2202 te
594 2142 666 2203 mihi
680 2141 759 2203 liber
771 2139 890 2202 iambus

162 2226 266 2284 Tincta
278 2225 453 2303 Lycambeo
470 2225 619 2302 sanguine
633 2227 694 2288 tela
711 2224 804 2287 dabit.

74 2311 216 2384 eobano,
239 2326 299 2384 quo
312 2308 468 2370 Battiades
482 2309 636 2371 inimicum
650 2310 784 2371 devovet
797 2307 873 2381 lbin,

161 2393 229 2452 Hoc
243 2407 302 2466 ego
317 2393 458 2452 devoveo
473 2399 564 2469 teque
581 2398 712 2468 tuosque
726 2392 829 2453 modo.

118 2477 222 2550 thue
236 2475 295 2552 ille,
318 2475 454 2537 historiis
467 2476 622 2538 involvam
637 2476 770 2537 carmina
785 2474 902 2537 caeeise

161 2560 229 2619 Non
246 2559 364 2620 soleam
379 2560 520 2635 quamvis
534 2559 594 2622 hoc
608 2576 706 2636 genus
721 2561 790 2635 ipse
804 2557 903 2634 sequi.

118 2642 204 2704 lilius
219 2641 365 2717 ambages
379 2643 511 2704 imitatus
526 2644 557 2703 in
571 2645 657 2704 ibide
672 2643 756 2704 dicar

72 2736 113 2792 60
168 2724 286 2786 Oblitus
301 2727 395 2788 moris
411 2726 577 2803 iudiciique
591 2727 659 2788 mei.

116 2810 156 2869 Et
171 2809 324 2883 quoniam,
350 2809 402 2884 qui
419 2810 471 2885 sie,
496 2811 631 2871 nondum
648 2808 863 2885 quaerentibus
879 2808 948 2884 edo,

160 2892 257 2954 ibidis
272 2893 388 2954 interea
400 2899 431 2952 tu
446 2909 571 2969 quoque
584 2910 696 2954 nomen
710 2892 800 2954 habe.

117 2975 219 3051 thue
233 2976 294 3038 mei
308 2992 418 3037 versus
434 2978 620 3052 aliquantum
635 2978 734 3039 noctis
749 2976 912 3049 habebunt,

162 3058 214 3120 Sic
230 3060 312 3122 vitae
328 3060 425 3120 series
440 3066 504 3121 tota
519 3062 557 3123 sit
572 3068 637 3122 atra
650 3067 731 3120 tuae.

72 3152 110 3206 65
119 3143 204 3204 Haec
218 3144 272 3205 tibi
287 3144 379 3204 natali
394 3145 495 3218 facito,
516 3145 641 3220 Ianique
654 3141 795 3205 kalendis

160 3225 228 3286 Non
241 3227 401 3289 mentituro
421 3227 545 3302 quilibet
560 3244 612 3288 ore
628 3229 718 3302 legat.

118 3309 262 3371 bimaris
280 3317 310 3370 et
323 3318 430 3386 terrae,
455 3312 567 3388 quique
581 3312 629 3371 his
644 3311 772 3371 meliora
785 3311 895 3374 tenetis

161 3393 243 3454 Inter
258 3394 400 3456 diversos
416 3411 486 3456 eum
500 3396 574 3457 love
590 3410 684 3470 regna
698 3397 798 3470 polos,

119 3476 195 3551 Huc,
222 3493 342 3553 precor,
362 3477 422 3539 huc
436 3485 555 3542 vestras
571 3494 677 3542 omues
693 3479 840 3540 advertite
854 3485 983 3551 mentes,

76 3573 162 3618 ovio.
182 3561 233 3620 lll.
831 3567 848 3624 7
