2318 3960
358 206 771 290 rutn,3o-uq1„2e

135 361 216 437 Ergo
234 359 319 435 quod
334 359 431 423 iuerat
446 362 575 424 stimulis
591 363 710 424 foetura
723 363 791 425 sine
804 364 884 438 uilis,

83 457 124 508 ⁴20
178 444 300 505 Plenius
319 452 477 505 auctorem
490 453 521 506 te
543 462 669 526 quoque
683 454 793 509 nanoto
808 448 889 510 feeit.

138 531 220 590 Acer
234 534 264 589 et
281 527 320 586 ad
336 530 456 604 palmae
475 545 533 606 per
546 547 582 591 so
600 547 745 592 cursurus
759 532 905 611 honores,

181 612 213 674 Si
227 618 329 674 tamen
344 611 489 691 horteris,
506 615 614 675 fortius
630 615 685 675 ibit
700 630 811 690 equus.

138 697 243 770 Addo,
262 697 346 771 quod
360 697 499 759 absentis
514 714 587 760 eura
600 698 743 760 mandute
759 700 843 760 fideli

176 780 311 854 Perfiois,
334 788 364 840 et
378 781 493 843 nulium
508 783 587 844 ierre
601 783 740 860 gravaris
755 799 844 844 onus,

84 872 122 926 no
138 864 176 924 0!
192 864 326 925 referent
344 872 461 941 grates,
478 869 624 943 quoniam
638 883 698 927 non
715 882 883 944 possumus
896 868 965 944 ipsi,

172 948 210 1009 Di
225 948 289 1008 ribi.
319 950 370 1026 qui
385 950 532 1027 referent,
548 953 574 1012 si
588 952 639 1029 pie
652 953 734 1012 iaetu
747 952 862 1012 vident.

136 1031 339 1110 Sufficiotque
352 1034 405 1095 diu
420 1049 535 1112 corpus
551 1052 677 1112 quoque
692 1036 827 1096 moribus
842 1036 918 1112 istie,

176 1115 309 1176 Maxime
319 1117 458 1178 Fundani
472 1121 579 1195 gioria,
595 1121 681 1193 Ruie,
698 1119 768 1179 soii.

344 1387 494 1471 LIBER
537 1387 774 1473 TERTIUS.

85 1541 127 1639 i.
177 1575 334 1639 uxone

143 1660 272 1774 Aequor
286 1698 409 1758 losonio
426 1697 580 1773 pulsatum
594 1698 708 1774 remige
723 1699 863 1776 primurn,

175 1782 320 1857 Quaeque
334 1797 393 1842 nee
406 1781 496 1841 hoste
510 1783 575 1843 fero
591 1797 648 1841 neo
662 1784 748 1858 nive,
763 1790 857 1858 terre,
874 1799 970 1859 cares,

137 1863 266 1942 quuod
280 1866 336 1926 erit
354 1872 490 1942 tempus,
507 1880 569 1941 quo
586 1881 645 1926 vos
661 1881 719 1941 ego
733 1867 816 1928 Noso
833 1868 1012 1945 relinquam,

176 1952 210 2009 in
224 1950 324 2010 minus
337 1949 441 2010 hostili
456 1949 560 2010 iussus
576 1949 688 2009 obesse
701 1952 794 2013 iocor

110 2041 127 2090 o
141 2035 190 2094 An
205 2033 277 2093 mihi
292 2033 435 2094 barbarie
448 2034 613 2094 vivendum
631 2049 755 2108 semper
767 2035 798 2094 in
811 2035 892 2096 istor

180 2119 278 2193 Inque
290 2117 449 2178 Tomitana
464 2119 581 2178 condar
595 2124 716 2194 oportet
729 2117 849 2179 humet

139 2201 218 2261 Pace
232 2208 320 2272 tua,..
336 2203 363 2262 si
379 2203 441 2277 p'ax
456 2201 516 2261 ulio
531 2202 660 2277 esttibi,
675 2202 801 2264 Pontica
815 2203 914 2276 tetius,

181 2285 338 2346 Finitimus
356 2287 466 2362 rapido
484 2302 574 2360 quam
589 2287 658 2346 terit
671 2286 769 2347 hostis
784 2302 896 2362 equo...

139 2370 218 2430 Pooe
231 2377 284 2431 tuo
298 2370 417 2431 dixisse
430 2370 531 2430 veiim.
560 2377 592 2430 tu
607 2371 743 2446 pessima
756 2372 835 2434 duro

92 2464 124 2516 to
179 2454 300 2515 Perses
315 2453 345 2514 in
359 2453 468 2528 exilio,
483 2461 514 2514 tu
530 2455 610 2514 moia
624 2460 731 2516 nostro
744 2470 867 2530 gravas.

139 2539 183 2599 Tu
201 2554 301 2614 neque
318 2554 373 2598 ver
390 2538 486 2600 sentis
502 2537 634 2599 cinctum
651 2538 780 2599 florente
795 2554 918 2611 corono,

179 2623 224 2683 Tu
239 2638 340 2698 neque
354 2637 527 2684 messorum
543 2637 674 2697 corporo
688 2622 772 2682 nuda
786 2623 884 2684 vides.

139 2706 201 2766 Neo
216 2705 269 2765 tibi
283 2708 465 2783 pampineos
480 2713 642 2767 autumnus
659 2705 787 2781 porrigit
800 2723 891 2766 uvas=

180 2791 295 2851 Cuncta
312 2793 368 2851 sed
385 2790 571 2851 inmodicum
585 2796 724 2865 tempora
738 2790 832 2864 frigus
848 2789 969 2850 habent.

92 2875 125 2928 15
139 2875 184 2934 Tu
197 2875 295 2949 glaeie
310 2875 387 2935 treta
400 2875 504 2936 vineto
518 2880 615 2949 tenes,
636 2880 666 2934 et
680 2873 710 2932 in
725 2889 862 2947 aequore
875 2874 971 2949 piscis

181 2958 326 3036 Inclusus
338 2965 418 3020 teoto
433 2974 529 3035 saepe
546 2959 661 3018 notavit
675 2973 766 3032 aquo.

139 3043 202 3101 Neo
216 3041 270 3103 tibi
290 3050 360 3103 sunt
375 3044 492 3118 fontes,
508 3042 606 3103 laticis
621 3041 680 3103 nisi
695 3054 795 3116 paene
809 3039 925 3113 morini,

182 3127 239 3200 Qui
255 3134 346 3202 potus
358 3128 484 3189 dubium
499 3127 587 3187 sistat
604 3128 703 3186 alatne
717 3125 806 3184 sitim.

141 3211 237 3285 Rara,
253 3227 354 3286 neque
369 3212 448 3272 haee
463 3211 551 3285 felix,
567 3209 728 3285 inopertis
744 3207 856 3268 eminet
872 3205 955 3267 orris

90 3301 126 3355 20
180 3295 291 3356 Arbor.
320 3296 394 3356 etin
409 3300 553 3357 terrorest
572 3295 666 3353 altera
681 3294 779 3353 iornro
792 3291 898 3353 maris.

140 3378 207 3440 Non
222 3380 288 3439 avis
305 3379 495 3455 obloquitur,
511 3378 615 3453 silvis,
630 3377 690 3437 nisi
704 3376 808 3453 sique,
824 3373 960 3447 remotis,

178 3463 361 3539 Aequoreos
375 3479 470 3524 rnuoo
482 3470 604 3540 gutture
618 3467 704 3539 potat
717 3475 825 3536 equos.
