2318 3960
511 161 735 223 Taisttttnt

195 317 324 378 Difficile
339 315 495 390 estquod,
513 313 619 386 amice,
637 327 753 372 mones.
786 311 1123 387 quiacarminaiaetum

236 401 312 460 Sunt
326 415 414 472 opus,
434 405 464 458 et
479 412 586 473 punem
600 395 710 455 mentis
725 394 839 456 habere
853 398 969 459 volunt.

170 485 307 549 suosne
321 498 403 559 per
390 482 538 542 adversas
552 480 652 554 agitur
666 480 786 540 fortuna
802 482 966 556 procellas,
1127 494 1141 601 q

238 568 327 627 Sorte
341 580 398 625 nec
413 566 474 624 uita
487 578 557 624 mea
570 563 684 624 tristior
698 578 769 623 esse
784 570 896 638 potest.

195 650 310 723 Exigis,
333 656 366 707 ut
377 647 514 707 Priamus
529 655 667 706 natorum
681 648 787 706 sunere
802 648 894 722 ludat,
1001 622 1144 1063 ²

236 734 274 792 Et
287 731 383 792 Niobe
399 733 494 792 iestos
510 732 603 792 ducat
616 738 649 790 ut
664 730 739 790 orba
753 731 887 793 choros?

198 816 341 876 Luctibus
357 831 396 874 an
411 816 512 894 studio
526 815 635 874 videor
650 814 764 874 debere
781 815 885 889 teneri,

160 915 190 963 to
242 899 356 960 Solus
349 916 379 958 m
394 906 548 960 extremos
563 899 667 959 iussus
682 897 767 958 abire
782 899 895 961 Getas?

147 987 151 1003 '
200 987 258 1043 Des
274 983 363 1043 iicet
356 1000 386 1042 m
402 983 504 1043 valido
521 989 630 1057 peetus
644 982 717 1041 mihi
731 981 872 1043 roboret
859 983 974 1058 i,ultum

237 1067 331 1128 Fama
345 1068 437 1127 reiert
450 1067 545 1142 Anyti
560 1067 650 1140 quale
665 1066 761 1126 inisse
775 1082 845 1128 reo

197 1152 306 1211 Fracta
320 1150 409 1211 cadet
422 1158 525 1215 tantae
539 1149 691 1227 sapientia
705 1150 786 1228 mole
799 1151 942 1211 ruinae·

236 1235 307 1294 Pius
323 1235 405 1295 valet
418 1234 559 1295 humanis
575 1232 712 1294 viribus
705 1249 749 1293 tra
763 1233 824 1295 dei.

159 1331 190 1382 15
200 1321 254 1378 lile
269 1334 380 1391 senex,
406 1318 504 1379 dictus
519 1317 643 1393 sapiens
658 1317 697 1378 nb
711 1319 864 1394 Apolline,
885 1319 1000 1381 nullum

239 1401 401 1463 Scribere
394 1417 425 1461 m
438 1402 498 1462 boc
513 1417 588 1463 casu
603 1401 801 1463 sustinuisset
815 1418 904 1478 opus.

196 1486 236 1548 Ut
249 1486 366 1564 patriae
379 1486 512 1557 veniant,
536 1486 660 1546 veniant
674 1485 788 1546 oblivia
801 1486 904 1561 vestri,

240 1570 344 1631 Omnis
358 1575 391 1630 ut
405 1568 510 1631 amissi
524 1585 637 1631 sensus
651 1569 764 1631 abesse
780 1577 885 1644 queen

199 1661 238 1715 At
252 1656 339 1716 timor
353 1653 456 1714 oiiieio
472 1654 556 1728 fungi
571 1661 654 1715 vetut
667 1653 736 1729 ipse
751 1654 865 1728 quieto.

158 1750 191 1799 ro
243 1738 364 1799 cinctus
380 1738 419 1800 ab
433 1737 593 1800 innumero
608 1753 657 1798 me
671 1744 753 1798 tenet
766 1737 855 1798 hoste
870 1739 957 1799 iocus
1022 1809 1027 1817 ,

198 1822 296 1895 Adde,
320 1822 404 1898 quod
418 1822 572 1898 ingenium
587 1823 679 1897 ionga
692 1821 831 1897 rubigine
844 1823 962 1883 laesum

236 1908 349 1982 Torpet
363 1913 394 1967 et
407 1914 455 1970 est
470 1907 563 1969 multo
581 1922 672 1982 quam
686 1906 742 1967 suit
756 1912 834 1979 ante,
857 1905 967 1967 minus.

197 1990 324 2066 Fertilis
346 1990 474 2055 assiduo
488 1991 516 2053 si
531 2006 593 2051 non
607 1997 775 2051 renovetur
789 1997 899 2058 aratro,

237 2074 283 2134 Nii
298 2073 357 2133 nisi
369 2089 439 2136 eum
453 2074 551 2148 spinis
566 2089 691 2147 gramen
705 2073 830 2133 habebit
846 2088 929 2147 ager.

156 2164 189 2218 ab
201 2157 351 2232 Tempora
367 2157 419 2232 qui
433 2159 526 2230 longo
541 2157 667 2230 steterit,
690 2155 770 2215 maie
785 2163 886 2216 curret
898 2165 929 2218 et
943 2156 1021 2218 inter

98 2306 100 2311 ,
239 2239 419 2301 Carceribus
433 2239 548 2300 missos
561 2239 685 2299 ultimus
699 2237 754 2297 ibit
767 2254 878 2313 equus.

198 2323 332 2383 Vertitur
346 2322 525 2383 interrorem
539 2321 652 2383 cariem
667 2320 815 2395 rimisque
830 2321 972 2400 dehiscit,

239 2404 337 2480 Siqua
351 2406 404 2466 diu
417 2404 515 2465 solitis
525 2404 640 2465 'cumba
653 2405 769 2465 vacarit
783 2406 883 2480 aquis.

198 2489 247 2547 Me
262 2504 387 2564 quoque
402 2488 542 2563 despera,
568 2488 676 2549 inerim
691 2505 760 2550 cum
775 2507 890 2564 parvus
910 2499 940 2552 et
953 2499 1034 2567 ente,

155 2580 190 2633 30
240 2571 295 2646 lili,
318 2572 369 2646 qui
384 2573 508 2645 suerum,
530 2588 627 2647 posse
641 2573 748 2634 videre
762 2587 877 2650 parem.

198 2655 340 2716 Contudit
354 2656 508 2732 ingenium
522 2656 668 2732 patientia
682 2659 775 2733 ionga
788 2659 946 2733 maiorum,

236 2739 273 2801 Et
288 2756 360 2816 pars
375 2739 491 2816 antiqui
505 2742 588 2802 nulla
603 2741 719 2817 vigoris
734 2742 832 2803 adest.

198 2823 298 2900 Saepe
309 2831 410 2885 tumen
423 2823 522 2896 nobis,
534 2832 567 2885 ut
578 2841 660 2886 nunc
672 2841 806 2901 quoque,
817 2833 940 2902 sumpta
951 2823 1064 2886 tabella
1075 2839 1110 2885 es

235 2909 331 2983 Inque
346 2923 422 2969 suos
436 2908 522 2969 volui
537 2925 648 2984 eogere
664 2908 759 2970 verba
775 2910 884 2986 pedes.

155 3000 188 3053 35
199 2991 338 3051 Carmina
352 2993 435 3054 nulia
448 2991 520 3052 mihi
535 3001 607 3054 sunt
621 2994 745 3069 scripta,
767 3001 819 3054 aut
833 2993 935 3069 qualia
948 2992 1059 3069 oemio,
1142 2998 1146 3004 '

236 3075 396 3150 Dignasui
411 3075 688 3154 dominitempore,
712 3077 898 3152 dignaloco.
1151 3078 1156 3089 “

196 3159 334 3234 Denique
349 3177 411 3221 non
425 3177 539 3236 parvas
553 3163 654 3222 animo
671 3163 725 3223 dat
737 3161 836 3235 gioria
851 3161 942 3234 vires,

233 3242 271 3301 Et
285 3242 437 3304 foecunda
451 3245 522 3305 iacit
534 3252 661 3320 pectora
674 3244 775 3306 laudis
791 3260 887 3305 amor.

196 3325 332 3385 Nominis
347 3327 491 3388 etiamne
506 3331 660 3404 quondam
676 3331 796 3405 fulgore
809 3327 959 3403 trahebar,

63 3470 67 3475 ,
156 3418 189 3468 40
240 3409 318 3469 Dum
333 3409 400 3470 tuiit
413 3417 571 3474 antemnas
587 3430 661 3474 aura
676 3413 813 3474 secunda
827 3428 923 3474 meas.
