2318 3960
280 273 281 278 ,
365 216 421 289 111,
444 214 499 288 13,
522 214 665 292 to-lv,
689 216 723 292 l,
748 217 797 279 16.
1047 217 1087 284 el

107 377 142 432 es
158 368 221 429 Sed
237 383 449 444 quaecumque
464 367 527 442 luit,
542 368 624 429 ntdlc
642 375 806 430 exercente
818 371 937 447 refugit,

198 451 237 512 Et
251 451 343 526 longo
358 451 448 526 periit
462 451 550 511 arida
562 452 642 511 sacta
657 452 726 513 situ.

159 536 225 595 Non
240 534 289 596 hic
304 535 459 608 ebrorum,
474 549 625 610 perquos
640 535 749 598 irruiter
762 537 898 613 danque,

201 617 304 694 eopia.
328 634 384 693 pro
399 618 484 678 libris
500 633 593 681 aratu
606 626 638 680 et
650 634 735 682 urna
749 628 873 683 sonante

159 703 265 763 Nullus
280 703 311 761 in
326 701 384 762 hec
398 708 488 775 terra,
503 702 628 764 recitem
642 702 670 765 si
684 704 828 778 cumina,
845 705 931 766 cuius

108 789 143 843 eo
199 785 399 846 intellecturis
415 786 542 846 auibus
555 792 632 858 utar,
648 787 745 848 adest.

159 870 221 930 Nec
237 885 297 946 quo
313 870 466 945 secedam,
481 870 569 931 locus
585 878 641 931 est.
664 871 805 932 custodie
818 873 895 936 muri

201 952 377 1015 Summovet
390 954 520 1014 infestos
536 955 703 1030 clausaque
717 962 806 1030 porta
821 955 922 1020 Getes.

159 1037 261 1113 Saepe
276 1039 401 1113 aliquod
417 1053 532 1114 quaero
547 1038 675 1101 verbum
690 1053 864 1115 nomenque
879 1041 1053 1115 locumque,

199 1121 262 1182 Nec
278 1123 440 1197 quisquam
456 1128 511 1196 cst
527 1137 546 1181 a
561 1136 623 1197 quo
638 1121 749 1185 certior
764 1137 836 1185 esse
852 1139 971 1197 queam.

106 1208 140 1259 45
156 1204 265 1265 Dicere
281 1221 377 1281 saepe
391 1205 507 1281 aliquid
522 1205 680 1266 conanti...
696 1213 785 1279 turpe
800 1206 937 1270 leterii...

199 1289 303 1348 Verba
317 1289 389 1348 rnihi
404 1289 524 1364 desunt,
541 1287 737 1363 dedidicique
751 1289 845 1364 loqui.

157 1368 296 1434 Threicio
313 1371 523 1450 Scythicoque
537 1374 602 1433 lere
617 1372 827 1437 cucrmrsonor
842 1387 905 1448 ore,

196 1454 235 1514 Et
250 1455 355 1518 videor
371 1456 482 1517 Geticis
498 1456 633 1517 suibere
648 1471 744 1530 posse
758 1457 868 1522 modis.

158 1537 254 1598 Crede
267 1539 348 1614 mihi,
364 1539 464 1613 timeo,
481 1555 520 1599 ne
535 1539 596 1601 siut
609 1539 734 1604 inmixta
747 1539 862 1605 Latinis

102 1627 138 1676 50
194 1622 290 1697 Inque
308 1624 384 1683 meis
401 1624 524 1699 scriptis
540 1623 664 1686 Pontica
679 1623 775 1686 verbe
788 1625 883 1698 legas.

153 1704 411 1782 Quelcmcumque
426 1709 521 1783 legas,
535 1707 630 1769 uena
640 1707 767 1781 dignare
781 1706 923 1781 libellum,

192 1787 290 1850 Sortis
306 1796 336 1849 et
350 1806 468 1851 excusa
482 1792 663 1852 condicione
681 1805 776 1851 nreae.

366 2054 517 2138 llellt
543 2053 787 2144 ulturus·

87 2171 125 2261 1·
145 2167 248 2278 Siqua
262 2205 340 2265 meis
354 2205 474 2278 luerint,
489 2213 525 2266 ut
536 2214 632 2280 erunt,
648 2206 760 2268 uitiosa
774 2205 893 2279 libellis,

187 2287 343 2349 Excusata
357 2305 414 2351 suo
430 2295 577 2364 tempore,
592 2291 698 2362 lector,
712 2288 801 2352 habe.

147 2372 224 2430 qul
238 2387 330 2445 eram,
345 2373 534 2448 requiesque
549 2374 629 2446 mihi,
646 2389 707 2434 non
722 2374 803 2435 laura
818 2372 912 2446 petita
927 2381 989 2434 este

187 2454 274 2514 Mens
290 2456 404 2517 intenta
420 2457 484 2518 suis
500 2472 539 2519 ne
553 2457 632 2518 leret
645 2471 747 2532 usque
760 2455 859 2517 malis.

110 2538 209 2598 siloc
224 2548 279 2613 cst,
295 2554 350 2599 eur
363 2547 464 2600 cantet
477 2541 598 2603 vinetus
617 2555 741 2615 quoque
757 2541 907 2614 compede
922 2541 1035 2615 lossor,

189 2621 314 2682 indocili
329 2639 456 2686 nurnero
473 2639 541 2685 cunr
555 2639 650 2698 grave
665 2623 759 2684 mollit
775 2638 864 2697 opus,

150 2704 255 2763 cantet
269 2711 299 2764 et
312 2707 444 2768 innitens
459 2707 587 2768 limosae
603 2723 720 2782 pronus
736 2721 849 2768 arenae

189 2789 331 2850 Adverso
347 2791 464 2854 tardam
481 2792 533 2866 qui
547 2790 638 2851 trahit
652 2806 742 2851 amne
756 2796 866 2849 ratenr=

148 2869 265 2946 Quique
278 2874 373 2934 refert
386 2874 500 2949 pariter
514 2877 613 2938 lentos
631 2875 670 2935 ad
685 2880 813 2948 pectora
825 2886 937 2937 renos.

96 2959 131 3010 10
186 2956 220 3012 ln
235 2971 393 3017 numerum
409 2959 499 3031 pulsa
513 2957 639 3032 brechia
651 2964 756 3018 versat
771 2971 862 3030 aqua

145 3038 262 3099 Fessus
276 3046 309 3099 ut
322 3041 458 3101 incubuit
472 3041 592 3116 baculo,
607 3055 726 3100 saxove
740 3039 855 3100 resedit

186 3120 305 3196 Pastor,
321 3124 490 3187 arundineo
507 3123 640 3190 carmus
654 3125 767 3184 rnulcet
782 3136 867 3182 oves.

147 3203 300 3265 cantantis
315 3209 435 3282 pariter,
450 3208 564 3282 pariter
579 3207 650 3270 dala
665 3220 764 3281 pense
778 3202 924 3271 trahentis

186 3288 312 3348 Fallitur
327 3291 456 3352 ancillae
467 3291 679 3365 decipiturque
692 3288 789 3357 leber.

97 3378 128 3430 ts
142 3370 250 3433 Fertur
265 3379 295 3432 et
311 3374 443 3435 abducta
456 3373 628 3452 Lyrneside
643 3372 740 3437 tristis
752 3371 888 3434 Aelnilies

184 3454 458 3521 Haemoniacures
474 3464 650 3518 attenuasse
664 3457 741 3533 lyra.
