<?xml version="1.0" encoding="UTF-8"?>
<!DOCTYPE html PUBLIC "-//W3C//DTD XHTML 1.0 Transitional//EN"
    "http://www.w3.org/TR/xhtml1/DTD/xhtml1-transitional.dtd">
<html xmlns="http://www.w3.org/1999/xhtml" xml:lang="en" lang="en">
 <head>
  <title>
</title>
<meta http-equiv="Content-Type" content="text/html;charset=utf-8" />
  <meta name='ocr-system' content='tesseract 3.04.00' />
  <meta name='ocr-capabilities' content='ocr_page ocr_carea ocr_par ocr_line ocrx_word'/>
</head>
<body>
  <div class='ocr_page' id='page_1' title='image "./povidiusnasoexr00merkgoog_0312.png"; bbox 0 0 2318 3960; ppageno 0'>
   <div class='ocr_carea' id='block_1_1' title="bbox 422 234 676 311">
    <p class='ocr_par' dir='ltr' id='par_1_1' title="bbox 422 234 676 311">
     <span class='ocr_line' id='line_1_1' title="bbox 422 234 676 311; baseline -0.008 -16"><span class='ocrx_word' id='word_1_1' title='bbox 422 238 475 311; x_wconf 89' lang='lat' dir='ltr'><strong>lV,</strong></span> <span class='ocrx_word' id='word_1_2' title='bbox 499 234 676 298; x_wconf 78' lang='lat' dir='ltr'><strong>too—840.</strong></span> 
     </span>
    </p>
   </div>
   <div class='ocr_carea' id='block_1_2' title="bbox 52 386 1052 3223">
    <p class='ocr_par' dir='ltr' id='par_1_2' title="bbox 52 386 1052 3223">
     <span class='ocr_line' id='line_1_2' title="bbox 124 386 882 463; baseline -0.005 -14"><span class='ocrx_word' id='word_1_3' title='bbox 124 387 339 463; x_wconf 85' lang='lat' dir='ltr'><strong>Mutoutesque</strong></span> <span class='ocrx_word' id='word_1_4' title='bbox 355 386 478 448; x_wconf 89' lang='lat' dir='ltr'><strong>domum</strong></span> <span class='ocrx_word' id='word_1_5' title='bbox 493 386 580 452; x_wconf 85' lang='lat' dir='ltr'><strong>tectis</strong></span> <span class='ocrx_word' id='word_1_6' title='bbox 596 386 768 463; x_wconf 74' lang='lat' dir='ltr'>agrestibus</span> <span class='ocrx_word' id='word_1_7' title='bbox 782 386 882 462; x_wconf 80' lang='lat' dir='ltr'>ignem</span> 
     </span>
     <span class='ocr_line' id='line_1_3' title="bbox 168 467 733 544; baseline 0.002 -15"><span class='ocrx_word' id='word_1_8' title='bbox 168 499 193 520; x_wconf 49' lang='grc' dir='ltr'><em>μ</em></span> <span class='ocrx_word' id='word_1_9' title='bbox 219 475 396 541; x_wconf 73' lang='lat' dir='ltr'><strong>cessaturae</strong></span> <span class='ocrx_word' id='word_1_10' title='bbox 410 467 617 544; x_wconf 81' lang='lat' dir='ltr'><strong>supposuisse</strong></span> <span class='ocrx_word' id='word_1_11' title='bbox 632 484 733 544; x_wconf 84' lang='lat' dir='ltr'><strong>casae,</strong></span> 
     </span>
     <span class='ocr_line' id='line_1_4' title="bbox 52 552 924 629; baseline -0.005 -16"><span class='ocrx_word' id='word_1_12' title='bbox 52 569 109 623; x_wconf 69' lang='lat'><strong>305</strong></span> <span class='ocrx_word' id='word_1_13' title='bbox 123 554 183 616; x_wconf 81' lang='lat' dir='ltr'><strong>Per</strong></span> <span class='ocrx_word' id='word_1_14' title='bbox 196 552 336 621; x_wconf 82' lang='lat' dir='ltr'><strong>flammas</strong></span> <span class='ocrx_word' id='word_1_15' title='bbox 351 553 486 623; x_wconf 84' lang='lat' dir='ltr'><strong>saluisse</strong></span> <span class='ocrx_word' id='word_1_16' title='bbox 499 566 610 629; x_wconf 85' lang='lat' dir='ltr'><strong>pecus,</strong></span> <span class='ocrx_word' id='word_1_17' title='bbox 627 553 760 623; x_wconf 78' lang='lat' dir='ltr'><strong>soluisse</strong></span> <span class='ocrx_word' id='word_1_18' title='bbox 774 554 924 614; x_wconf 79' lang='lat' dir='ltr'><strong>colonost</strong></span> 
     </span>
     <span class='ocr_line' id='line_1_5' title="bbox 168 635 868 712; baseline -0.004 -14"><span class='ocrx_word' id='word_1_19' title='bbox 168 637 257 712; x_wconf 81' lang='lat' dir='ltr'><strong>Quod</strong></span> <span class='ocrx_word' id='word_1_20' title='bbox 270 635 307 697; x_wconf 86' lang='lat' dir='ltr'><strong>fit</strong></span> <span class='ocrx_word' id='word_1_21' title='bbox 320 637 412 703; x_wconf 84' lang='lat' dir='ltr'><strong>natali</strong></span> <span class='ocrx_word' id='word_1_22' title='bbox 426 653 507 703; x_wconf 80' lang='lat' dir='ltr'><strong>nunc</strong></span> <span class='ocrx_word' id='word_1_23' title='bbox 522 651 661 712; x_wconf 85' lang='lat' dir='ltr'><strong>quoque,</strong></span> <span class='ocrx_word' id='word_1_24' title='bbox 675 637 788 710; x_wconf 73' lang='lat' dir='ltr'><strong>Rama,</strong></span> <span class='ocrx_word' id='word_1_25' title='bbox 803 642 868 697; x_wconf 90' lang='lat' dir='ltr'><strong>tuo.</strong></span> 
     </span>
     <span class='ocr_line' id='line_1_6' title="bbox 124 719 821 797; baseline 0 -18"><span class='ocrx_word' id='word_1_26' title='bbox 124 723 196 797; x_wconf 92' lang='lat' dir='ltr'><strong>lpse</strong></span> <span class='ocrx_word' id='word_1_27' title='bbox 212 721 298 780; x_wconf 90' lang='lat' dir='ltr'><strong>locus</strong></span> <span class='ocrx_word' id='word_1_28' title='bbox 313 736 426 786; x_wconf 78' lang='lat' dir='ltr'><strong>causas</strong></span> <span class='ocrx_word' id='word_1_29' title='bbox 444 719 504 787; x_wconf 80' lang='lat' dir='ltr'><strong>voti</strong></span> <span class='ocrx_word' id='word_1_30' title='bbox 520 720 600 790; x_wconf 82' lang='lat' dir='ltr'><strong>tecit.</strong></span> <span class='ocrx_word' id='word_1_31' title='bbox 627 719 719 792; x_wconf 72' lang='lat' dir='ltr'><strong>Urbis</strong></span> <span class='ocrx_word' id='word_1_32' title='bbox 735 719 821 794; x_wconf 81' lang='lat' dir='ltr'><strong>origo</strong></span> 
     </span>
     <span class='ocr_line' id='line_1_7' title="bbox 166 803 861 879; baseline -0.001 -16"><span class='ocrx_word' id='word_1_33' title='bbox 166 804 267 865; x_wconf 86' lang='lat' dir='ltr'><strong>Venit.</strong></span> <span class='ocrx_word' id='word_1_34' title='bbox 296 803 373 864; x_wconf 88' lang='lat' dir='ltr'><strong>ades</strong></span> <span class='ocrx_word' id='word_1_35' title='bbox 388 803 492 878; x_wconf 86' lang='lat' dir='ltr'><strong>lactis,</strong></span> <span class='ocrx_word' id='word_1_36' title='bbox 507 819 617 879; x_wconf 82' lang='lat' dir='ltr'>magne</span> <span class='ocrx_word' id='word_1_37' title='bbox 632 803 768 878; x_wconf 77' lang='lat' dir='ltr'><strong>Quirine,</strong></span> <span class='ocrx_word' id='word_1_38' title='bbox 786 803 861 874; x_wconf 87' lang='lat' dir='ltr'><strong>tuis!</strong></span> 
     </span>
     <span class='ocr_line' id='line_1_8' title="bbox 124 887 896 962; baseline -0.003 -14"><span class='ocrx_word' id='word_1_39' title='bbox 124 888 190 948; x_wconf 90' lang='lat' dir='ltr'><strong>lam</strong></span> <span class='ocrx_word' id='word_1_40' title='bbox 203 889 302 951; x_wconf 88' lang='lat' dir='ltr'><strong>luerat</strong></span> <span class='ocrx_word' id='word_1_41' title='bbox 320 903 440 962; x_wconf 84' lang='lat' dir='ltr'><strong>poenas</strong></span> <span class='ocrx_word' id='word_1_42' title='bbox 461 888 553 955; x_wconf 82' lang='lat' dir='ltr'><strong>frater</strong></span> <span class='ocrx_word' id='word_1_43' title='bbox 565 887 745 960; x_wconf 78' lang='lat' dir='ltr'><strong>Numitoris,</strong></span> <span class='ocrx_word' id='word_1_44' title='bbox 762 894 792 947; x_wconf 90' lang='lat' dir='ltr'><strong>et</strong></span> <span class='ocrx_word' id='word_1_45' title='bbox 807 903 896 948; x_wconf 90' lang='lat' dir='ltr'><strong>onme</strong></span> 
     </span>
     <span class='ocr_line' id='line_1_9' title="bbox 56 970 846 1054; baseline -0.01 -17"><span class='ocrx_word' id='word_1_46' title='bbox 56 983 113 1037; x_wconf 84' lang='lat'><strong>810</strong></span> <span class='ocrx_word' id='word_1_47' title='bbox 168 971 328 1039; x_wconf 81' lang='lat' dir='ltr'><strong>Pastorum</strong></span> <span class='ocrx_word' id='word_1_48' title='bbox 344 971 465 1052; x_wconf 79' lang='lat' dir='ltr'><strong>gemino</strong></span> <span class='ocrx_word' id='word_1_49' title='bbox 480 970 538 1042; x_wconf 89' lang='lat' dir='ltr'><strong>sub</strong></span> <span class='ocrx_word' id='word_1_50' title='bbox 554 971 632 1042; x_wconf 77' lang='lat' dir='ltr'><strong>duce</strong></span> <span class='ocrx_word' id='word_1_51' title='bbox 646 972 756 1054; x_wconf 76' lang='lat' dir='ltr'><strong>volgus</strong></span> <span class='ocrx_word' id='word_1_52' title='bbox 772 977 846 1031; x_wconf 85' lang='lat' dir='ltr'><strong>orat.</strong></span> 
     </span>
     <span class='ocr_line' id='line_1_10' title="bbox 126 1053 909 1130; baseline -0.003 -14"><span class='ocrx_word' id='word_1_53' title='bbox 126 1054 311 1121; x_wconf 73' lang='lat' dir='ltr'><strong>contrahere</strong></span> <span class='ocrx_word' id='word_1_54' title='bbox 326 1061 464 1130; x_wconf 77' lang='lat' dir='ltr'><strong>agrestes</strong></span> <span class='ocrx_word' id='word_1_55' title='bbox 480 1061 511 1123; x_wconf 85' lang='lat' dir='ltr'><strong>et</strong></span> <span class='ocrx_word' id='word_1_56' title='bbox 525 1055 645 1124; x_wconf 80' lang='lat' dir='ltr'><strong>moenia</strong></span> <span class='ocrx_word' id='word_1_57' title='bbox 658 1070 775 1130; x_wconf 88' lang='lat' dir='ltr'><strong>ponere</strong></span> <span class='ocrx_word' id='word_1_58' title='bbox 789 1053 909 1130; x_wconf 89' lang='lat' dir='ltr'><strong>utrique</strong></span> 
     </span>
     <span class='ocr_line' id='line_1_11' title="bbox 170 1137 866 1215; baseline -0.006 -16"><span class='ocrx_word' id='word_1_59' title='bbox 170 1137 326 1200; x_wconf 87' lang='lat' dir='ltr'><strong>convenit.</strong></span> <span class='ocrx_word' id='word_1_60' title='bbox 350 1137 531 1215; x_wconf 75' lang='lat' dir='ltr'><strong>ambigitur,</strong></span> <span class='ocrx_word' id='word_1_61' title='bbox 547 1138 668 1206; x_wconf 83' lang='lat' dir='ltr'><strong>moenio</strong></span> <span class='ocrx_word' id='word_1_62' title='bbox 681 1145 775 1214; x_wconf 87' lang='lat' dir='ltr'><strong>ponat</strong></span> <span class='ocrx_word' id='word_1_63' title='bbox 789 1144 866 1198; x_wconf 90' lang='lat' dir='ltr'><strong>uter.</strong></span> 
     </span>
     <span class='ocr_line' id='line_1_12' title="bbox 125 1214 918 1304; baseline -0.009 -21"><span class='ocrx_word' id='word_1_64' title='bbox 125 1222 185 1283; x_wconf 67' lang='lat' dir='ltr'><strong>‘Nil</strong></span> <span class='ocrx_word' id='word_1_65' title='bbox 201 1239 280 1298; x_wconf 91' lang='lat' dir='ltr'><strong>opus</strong></span> <span class='ocrx_word' id='word_1_66' title='bbox 294 1227 355 1304; x_wconf 81' lang='lat' dir='ltr'><strong>est’</strong></span> <span class='ocrx_word' id='word_1_67' title='bbox 371 1221 449 1291; x_wconf 72' lang='lat' dir='ltr'><strong>dixit</strong></span> <span class='ocrx_word' id='word_1_68' title='bbox 462 1221 650 1291; x_wconf 80' lang='lat' dir='ltr'><strong>‘certamine’</strong></span> <span class='ocrx_word' id='word_1_69' title='bbox 664 1214 813 1291; x_wconf 81' lang='lat' dir='ltr'><strong>Romulus</strong></span> <span class='ocrx_word' id='word_1_70' title='bbox 827 1221 918 1281; x_wconf 81' lang='lat' dir='ltr'><strong>‘ullo=</strong></span> 
     </span>
     <span class='ocr_line' id='line_1_13' title="bbox 167 1305 891 1382; baseline -0.001 -16"><span class='ocrx_word' id='word_1_71' title='bbox 167 1307 279 1380; x_wconf 80' lang='lat' dir='ltr'><strong>Magno</strong></span> <span class='ocrx_word' id='word_1_72' title='bbox 292 1305 372 1372; x_wconf 85' lang='lat' dir='ltr'><strong>fides</strong></span> <span class='ocrx_word' id='word_1_73' title='bbox 384 1307 488 1375; x_wconf 74' lang='lat' dir='ltr'><strong>,avium</strong></span> <span class='ocrx_word' id='word_1_74' title='bbox 503 1313 560 1368; x_wconf 84' lang='lat' dir='ltr'><strong>est</strong></span> <span class='ocrx_word' id='word_1_75' title='bbox 588 1306 779 1382; x_wconf 87' lang='lat' dir='ltr'><strong>experiamur</strong></span> <span class='ocrx_word' id='word_1_76' title='bbox 793 1308 891 1365; x_wconf 66' lang='lat' dir='ltr'><strong>aves?</strong></span> 
     </span>
     <span class='ocr_line' id='line_1_14' title="bbox 56 1388 881 1465; baseline -0.008 -13"><span class='ocrx_word' id='word_1_77' title='bbox 56 1398 112 1452; x_wconf 81' lang='lat'><strong>815</strong></span> <span class='ocrx_word' id='word_1_78' title='bbox 127 1391 190 1452; x_wconf 88' lang='lat' dir='ltr'><strong>Res</strong></span> <span class='ocrx_word' id='word_1_79' title='bbox 206 1391 314 1465; x_wconf 86' lang='lat' dir='ltr'><strong>placet.</strong></span> <span class='ocrx_word' id='word_1_80' title='bbox 344 1391 421 1452; x_wconf 85' lang='lat' dir='ltr'><strong>alter</strong></span> <span class='ocrx_word' id='word_1_81' title='bbox 435 1390 498 1458; x_wconf 90' lang='lat' dir='ltr'><strong>adit</strong></span> <span class='ocrx_word' id='word_1_82' title='bbox 512 1390 667 1450; x_wconf 88' lang='lat' dir='ltr'><strong>nemorosi</strong></span> <span class='ocrx_word' id='word_1_83' title='bbox 683 1405 760 1458; x_wconf 80' lang='lat' dir='ltr'><strong>saxa</strong></span> <span class='ocrx_word' id='word_1_84' title='bbox 770 1388 881 1449; x_wconf 76' lang='lat' dir='ltr'><strong>Palati:</strong></span> 
     </span>
     <span class='ocr_line' id='line_1_15' title="bbox 166 1472 793 1542; baseline -0.005 -8"><span class='ocrx_word' id='word_1_85' title='bbox 166 1474 253 1534; x_wconf 83' lang='lat' dir='ltr'><strong>Alter</strong></span> <span class='ocrx_word' id='word_1_86' title='bbox 266 1472 450 1542; x_wconf 87' lang='lat' dir='ltr'><strong>Aventinum</strong></span> <span class='ocrx_word' id='word_1_87' title='bbox 464 1489 554 1534; x_wconf 86' lang='lat' dir='ltr'><strong>mane</strong></span> <span class='ocrx_word' id='word_1_88' title='bbox 569 1488 713 1541; x_wconf 79' lang='lat' dir='ltr'><strong>cacumen</strong></span> <span class='ocrx_word' id='word_1_89' title='bbox 730 1473 793 1534; x_wconf 85' lang='lat' dir='ltr'><strong>init.</strong></span> 
     </span>
     <span class='ocr_line' id='line_1_16' title="bbox 126 1555 1052 1632; baseline -0.001 -14"><span class='ocrx_word' id='word_1_90' title='bbox 126 1557 188 1618; x_wconf 84' lang='lat' dir='ltr'><strong>Sex</strong></span> <span class='ocrx_word' id='word_1_91' title='bbox 200 1555 397 1631; x_wconf 78' lang='lat' dir='ltr'><strong>Remus‚‚hic</strong></span> <span class='ocrx_word' id='word_1_92' title='bbox 412 1559 554 1624; x_wconf 88' lang='lat' dir='ltr'><strong>volucres</strong></span> <span class='ocrx_word' id='word_1_93' title='bbox 574 1555 623 1617; x_wconf 88' lang='lat' dir='ltr'><strong>bis</strong></span> <span class='ocrx_word' id='word_1_94' title='bbox 644 1573 700 1618; x_wconf 90' lang='lat' dir='ltr'><strong>sex</strong></span> <span class='ocrx_word' id='word_1_95' title='bbox 720 1558 804 1618; x_wconf 91' lang='lat' dir='ltr'><strong>videt</strong></span> <span class='ocrx_word' id='word_1_96' title='bbox 817 1556 933 1619; x_wconf 89' lang='lat' dir='ltr'><strong>ordine.</strong></span> <span class='ocrx_word' id='word_1_97' title='bbox 963 1563 1052 1632; x_wconf 87' lang='lat' dir='ltr'><strong>paeto</strong></span> 
     </span>
     <span class='ocr_line' id='line_1_17' title="bbox 169 1639 877 1715; baseline -0.004 -13"><span class='ocrx_word' id='word_1_98' title='bbox 169 1640 284 1715; x_wconf 85' lang='lat' dir='ltr'><strong>Statur,</strong></span> <span class='ocrx_word' id='word_1_99' title='bbox 300 1649 331 1702; x_wconf 92' lang='lat' dir='ltr'><strong>et</strong></span> <span class='ocrx_word' id='word_1_100' title='bbox 344 1639 499 1707; x_wconf 83' lang='lat' dir='ltr'><strong>arbitrium</strong></span> <span class='ocrx_word' id='word_1_101' title='bbox 513 1641 661 1711; x_wconf 85' lang='lat' dir='ltr'><strong>Romulus</strong></span> <span class='ocrx_word' id='word_1_102' title='bbox 677 1640 761 1701; x_wconf 88' lang='lat' dir='ltr'><strong>urbis</strong></span> <span class='ocrx_word' id='word_1_103' title='bbox 777 1639 877 1701; x_wconf 85' lang='lat' dir='ltr'><strong>habet.</strong></span> 
     </span>
     <span class='ocr_line' id='line_1_18' title="bbox 124 1723 883 1805; baseline -0.004 -19"><span class='ocrx_word' id='word_1_104' title='bbox 124 1729 206 1801; x_wconf 83' lang='lat' dir='ltr'><strong>Apta</strong></span> <span class='ocrx_word' id='word_1_105' title='bbox 222 1723 289 1785; x_wconf 91' lang='lat' dir='ltr'><strong>dies</strong></span> <span class='ocrx_word' id='word_1_106' title='bbox 303 1723 427 1805; x_wconf 82' lang='lat' dir='ltr'><strong>legitur,</strong></span> <span class='ocrx_word' id='word_1_107' title='bbox 445 1741 506 1800; x_wconf 86' lang='lat' dir='ltr'><strong>qua</strong></span> <span class='ocrx_word' id='word_1_108' title='bbox 519 1725 643 1788; x_wconf 86' lang='lat' dir='ltr'><strong>moenie</strong></span> <span class='ocrx_word' id='word_1_109' title='bbox 658 1724 759 1800; x_wconf 79' lang='lat' dir='ltr'><strong>signet</strong></span> <span class='ocrx_word' id='word_1_110' title='bbox 773 1731 883 1785; x_wconf 88' lang='lat' dir='ltr'><strong>aratro.</strong></span> 
     </span>
     <span class='ocr_line' id='line_1_19' title="bbox 57 1807 892 1883; baseline -0.012 -8"><span class='ocrx_word' id='word_1_111' title='bbox 57 1821 114 1875; x_wconf 77' lang='lat'><strong>820</strong></span> <span class='ocrx_word' id='word_1_112' title='bbox 172 1807 268 1869; x_wconf 85' lang='lat' dir='ltr'><strong>Sacra</strong></span> <span class='ocrx_word' id='word_1_113' title='bbox 281 1807 363 1868; x_wconf 87' lang='lat' dir='ltr'><strong>Palis</strong></span> <span class='ocrx_word' id='word_1_114' title='bbox 377 1807 531 1873; x_wconf 84' lang='lat' dir='ltr'><strong>suberunt.</strong></span> <span class='ocrx_word' id='word_1_115' title='bbox 561 1808 633 1869; x_wconf 88' lang='lat' dir='ltr'><strong>inde</strong></span> <span class='ocrx_word' id='word_1_116' title='bbox 647 1813 787 1868; x_wconf 89' lang='lat' dir='ltr'><strong>movetur</strong></span> <span class='ocrx_word' id='word_1_117' title='bbox 802 1824 892 1883; x_wconf 89' lang='lat' dir='ltr'><strong>opus.</strong></span> 
     </span>
     <span class='ocr_line' id='line_1_20' title="bbox 124 1890 913 1967; baseline -0.006 -13"><span class='ocrx_word' id='word_1_118' title='bbox 124 1894 224 1954; x_wconf 81' lang='lat' dir='ltr'><strong>Fossa</strong></span> <span class='ocrx_word' id='word_1_119' title='bbox 237 1891 271 1952; x_wconf 89' lang='lat' dir='ltr'><strong>fit</strong></span> <span class='ocrx_word' id='word_1_120' title='bbox 284 1891 326 1955; x_wconf 81' lang='lat' dir='ltr'><strong>ud</strong></span> <span class='ocrx_word' id='word_1_121' title='bbox 339 1891 483 1953; x_wconf 90' lang='lat' dir='ltr'><strong>solidum.</strong></span> <span class='ocrx_word' id='word_1_122' title='bbox 518 1892 621 1967; x_wconf 79' lang='lat' dir='ltr'><strong>fruges</strong></span> <span class='ocrx_word' id='word_1_123' title='bbox 637 1891 785 1961; x_wconf 84' lang='lat' dir='ltr'><strong>iaciuntur</strong></span> <span class='ocrx_word' id='word_1_124' title='bbox 799 1891 829 1951; x_wconf 90' lang='lat' dir='ltr'><strong>in</strong></span> <span class='ocrx_word' id='word_1_125' title='bbox 844 1890 913 1966; x_wconf 84' lang='lat' dir='ltr'><strong>ima,</strong></span> 
     </span>
     <span class='ocr_line' id='line_1_21' title="bbox 166 1974 678 2052; baseline -0.004 -17"><span class='ocrx_word' id='word_1_126' title='bbox 166 1976 205 2035; x_wconf 84' lang='lat' dir='ltr'><strong>Et</strong></span> <span class='ocrx_word' id='word_1_127' title='bbox 218 1976 257 2036; x_wconf 91' lang='lat' dir='ltr'><strong>de</strong></span> <span class='ocrx_word' id='word_1_128' title='bbox 273 1974 375 2039; x_wconf 86' lang='lat' dir='ltr'><strong>vicino</strong></span> <span class='ocrx_word' id='word_1_129' title='bbox 390 1982 472 2037; x_wconf 87' lang='lat' dir='ltr'><strong>terra</strong></span> <span class='ocrx_word' id='word_1_130' title='bbox 486 1975 579 2052; x_wconf 87' lang='lat' dir='ltr'><strong>petito</strong></span> <span class='ocrx_word' id='word_1_131' title='bbox 597 1975 678 2036; x_wconf 89' lang='lat' dir='ltr'><strong>solo.</strong></span> 
     </span>
     <span class='ocr_line' id='line_1_22' title="bbox 123 2057 936 2135; baseline -0.002 -14"><span class='ocrx_word' id='word_1_132' title='bbox 123 2061 223 2121; x_wconf 78' lang='lat' dir='ltr'><strong>Fossa</strong></span> <span class='ocrx_word' id='word_1_133' title='bbox 237 2059 371 2135; x_wconf 91' lang='lat' dir='ltr'><strong>repletur</strong></span> <span class='ocrx_word' id='word_1_134' title='bbox 382 2059 491 2131; x_wconf 89' lang='lat' dir='ltr'><strong>humo,</strong></span> <span class='ocrx_word' id='word_1_135' title='bbox 509 2060 680 2135; x_wconf 87' lang='lat' dir='ltr'><strong>plenaeque</strong></span> <span class='ocrx_word' id='word_1_136' title='bbox 694 2057 860 2133; x_wconf 89' lang='lat' dir='ltr'><strong>imponitur</strong></span> <span class='ocrx_word' id='word_1_137' title='bbox 874 2075 936 2135; x_wconf 86' lang='lat' dir='ltr'><strong>ara,</strong></span> 
     </span>
     <span class='ocr_line' id='line_1_23' title="bbox 167 2143 816 2219; baseline -0.003 -17"><span class='ocrx_word' id='word_1_138' title='bbox 167 2144 206 2203; x_wconf 86' lang='lat' dir='ltr'><strong>Et</strong></span> <span class='ocrx_word' id='word_1_139' title='bbox 218 2157 320 2204; x_wconf 91' lang='lat' dir='ltr'><strong>novus</strong></span> <span class='ocrx_word' id='word_1_140' title='bbox 335 2158 468 2205; x_wconf 86' lang='lat' dir='ltr'><strong>accenso</strong></span> <span class='ocrx_word' id='word_1_141' title='bbox 484 2143 618 2219; x_wconf 80' lang='lat' dir='ltr'><strong>iungitur</strong></span> <span class='ocrx_word' id='word_1_142' title='bbox 631 2143 702 2218; x_wconf 82' lang='lat' dir='ltr'><strong>igne</strong></span> <span class='ocrx_word' id='word_1_143' title='bbox 716 2143 816 2205; x_wconf 88' lang='lat' dir='ltr'><strong>locus.</strong></span> 
     </span>
     <span class='ocr_line' id='line_1_24' title="bbox 57 2224 902 2302; baseline -0.006 -14"><span class='ocrx_word' id='word_1_144' title='bbox 57 2234 111 2288; x_wconf 73' lang='lat'><strong>825</strong></span> <span class='ocrx_word' id='word_1_145' title='bbox 126 2228 201 2288; x_wconf 91' lang='lat' dir='ltr'><strong>Inde</strong></span> <span class='ocrx_word' id='word_1_146' title='bbox 217 2241 360 2302; x_wconf 89' lang='lat' dir='ltr'><strong>premens</strong></span> <span class='ocrx_word' id='word_1_147' title='bbox 376 2226 486 2289; x_wconf 86' lang='lat' dir='ltr'><strong>stivam</strong></span> <span class='ocrx_word' id='word_1_148' title='bbox 506 2226 648 2301; x_wconf 84' lang='lat' dir='ltr'><strong>designat</strong></span> <span class='ocrx_word' id='word_1_149' title='bbox 661 2224 783 2286; x_wconf 84' lang='lat' dir='ltr'><strong>moenia</strong></span> <span class='ocrx_word' id='word_1_150' title='bbox 798 2227 902 2288; x_wconf 77' lang='lat' dir='ltr'><strong>sulco:</strong></span> 
     </span>
     <span class='ocr_line' id='line_1_25' title="bbox 165 2309 846 2385; baseline 0 -17"><span class='ocrx_word' id='word_1_151' title='bbox 165 2309 246 2370; x_wconf 84' lang='lat' dir='ltr'><strong>Alba</strong></span> <span class='ocrx_word' id='word_1_152' title='bbox 259 2309 363 2385; x_wconf 81' lang='lat' dir='ltr'><strong>iugum</strong></span> <span class='ocrx_word' id='word_1_153' title='bbox 376 2311 466 2372; x_wconf 85' lang='lat' dir='ltr'><strong>niveo</strong></span> <span class='ocrx_word' id='word_1_154' title='bbox 482 2326 551 2371; x_wconf 89' lang='lat' dir='ltr'><strong>curn</strong></span> <span class='ocrx_word' id='word_1_155' title='bbox 564 2310 646 2372; x_wconf 88' lang='lat' dir='ltr'><strong>bove</strong></span> <span class='ocrx_word' id='word_1_156' title='bbox 660 2326 758 2371; x_wconf 84' lang='lat' dir='ltr'><strong>vacca</strong></span> <span class='ocrx_word' id='word_1_157' title='bbox 770 2310 846 2370; x_wconf 90' lang='lat' dir='ltr'><strong>tulit.</strong></span> 
     </span>
     <span class='ocr_line' id='line_1_26' title="bbox 124 2393 966 2471; baseline 0.001 -18"><span class='ocrx_word' id='word_1_158' title='bbox 124 2396 196 2455; x_wconf 84' lang='lat' dir='ltr'><strong>Vox</strong></span> <span class='ocrx_word' id='word_1_159' title='bbox 211 2394 266 2453; x_wconf 89' lang='lat' dir='ltr'><strong>luit</strong></span> <span class='ocrx_word' id='word_1_160' title='bbox 280 2393 357 2454; x_wconf 83' lang='lat' dir='ltr'><strong>haec</strong></span> <span class='ocrx_word' id='word_1_161' title='bbox 371 2397 470 2471; x_wconf 83' lang='lat' dir='ltr'><strong>regis:</strong></span> <span class='ocrx_word' id='word_1_162' title='bbox 498 2394 676 2470; x_wconf 56' lang='lat' dir='ltr'><strong>‘condenti</strong></span> <span class='ocrx_word' id='word_1_163' title='bbox 692 2395 843 2470; x_wconf 90' lang='lat' dir='ltr'><strong>Iuppiter,</strong></span> <span class='ocrx_word' id='word_1_164' title='bbox 859 2393 966 2454; x_wconf 90' lang='lat' dir='ltr'><strong>urbem</strong></span> 
     </span>
     <span class='ocr_line' id='line_1_27' title="bbox 168 2477 887 2554; baseline 0.001 -18"><span class='ocrx_word' id='word_1_165' title='bbox 168 2477 205 2537; x_wconf 86' lang='lat' dir='ltr'><strong>Et</strong></span> <span class='ocrx_word' id='word_1_166' title='bbox 219 2477 339 2552; x_wconf 81' lang='lat' dir='ltr'><strong>genitor</strong></span> <span class='ocrx_word' id='word_1_167' title='bbox 349 2478 476 2542; x_wconf 83' lang='lat' dir='ltr'><strong>Mavors</strong></span> <span class='ocrx_word' id='word_1_168' title='bbox 491 2480 651 2554; x_wconf 85' lang='lat' dir='ltr'><strong>Vestaque</strong></span> <span class='ocrx_word' id='word_1_169' title='bbox 670 2486 780 2553; x_wconf 86' lang='lat' dir='ltr'><strong>mater,</strong></span> <span class='ocrx_word' id='word_1_170' title='bbox 796 2478 887 2538; x_wconf 87' lang='lat' dir='ltr'><strong>adest</strong></span> 
     </span>
     <span class='ocr_line' id='line_1_28' title="bbox 127 2560 1003 2639; baseline -0.002 -17"><span class='ocrx_word' id='word_1_171' title='bbox 127 2561 274 2637; x_wconf 82' lang='lat' dir='ltr'><strong>Quosque</strong></span> <span class='ocrx_word' id='word_1_172' title='bbox 290 2562 372 2637; x_wconf 90' lang='lat' dir='ltr'><strong>pium</strong></span> <span class='ocrx_word' id='word_1_173' title='bbox 387 2569 435 2622; x_wconf 90' lang='lat' dir='ltr'><strong>est</strong></span> <span class='ocrx_word' id='word_1_174' title='bbox 451 2561 599 2623; x_wconf 86' lang='lat' dir='ltr'><strong>adhibere</strong></span> <span class='ocrx_word' id='word_1_175' title='bbox 614 2563 706 2639; x_wconf 92' lang='lat' dir='ltr'><strong>deos,</strong></span> <span class='ocrx_word' id='word_1_176' title='bbox 724 2561 871 2623; x_wconf 86' lang='lat' dir='ltr'><strong>advertite</strong></span> <span class='ocrx_word' id='word_1_177' title='bbox 889 2560 1003 2622; x_wconf 87' lang='lat' dir='ltr'><strong>cunctit</strong></span> 
     </span>
     <span class='ocr_line' id='line_1_29' title="bbox 56 2644 848 2722; baseline 0.003 -21"><span class='ocrx_word' id='word_1_178' title='bbox 56 2649 111 2702; x_wconf 74' lang='grc'><strong>880</strong></span> <span class='ocrx_word' id='word_1_179' title='bbox 168 2644 356 2720; x_wconf 82' lang='lat' dir='ltr'><strong>Auspicibus</strong></span> <span class='ocrx_word' id='word_1_180' title='bbox 370 2644 460 2705; x_wconf 90' lang='lat' dir='ltr'><strong>vobis</strong></span> <span class='ocrx_word' id='word_1_181' title='bbox 474 2644 536 2705; x_wconf 93' lang='lat' dir='ltr'><strong>hoc</strong></span> <span class='ocrx_word' id='word_1_182' title='bbox 550 2645 623 2704; x_wconf 83' lang='lat' dir='ltr'><strong>mihi</strong></span> <span class='ocrx_word' id='word_1_183' title='bbox 638 2652 744 2722; x_wconf 81' lang='lat' dir='ltr'><strong>surgat</strong></span> <span class='ocrx_word' id='word_1_184' title='bbox 759 2661 848 2722; x_wconf 91' lang='lat' dir='ltr'><strong>opus.</strong></span> 
     </span>
     <span class='ocr_line' id='line_1_30' title="bbox 123 2728 962 2806; baseline -0.002 -17"><span class='ocrx_word' id='word_1_185' title='bbox 123 2731 230 2804; x_wconf 81' lang='lat' dir='ltr'><strong>Longa</strong></span> <span class='ocrx_word' id='word_1_186' title='bbox 244 2729 283 2788; x_wconf 92' lang='lat' dir='ltr'><strong>sit</strong></span> <span class='ocrx_word' id='word_1_187' title='bbox 298 2728 369 2797; x_wconf 93' lang='lat' dir='ltr'><strong>huic</strong></span> <span class='ocrx_word' id='word_1_188' title='bbox 384 2736 468 2790; x_wconf 85' lang='lat' dir='ltr'><strong>aetas</strong></span> <span class='ocrx_word' id='word_1_189' title='bbox 484 2729 688 2805; x_wconf 85' lang='lat' dir='ltr'><strong>dominaeque</strong></span> <span class='ocrx_word' id='word_1_190' title='bbox 703 2730 839 2806; x_wconf 88' lang='lat' dir='ltr'><strong>potentia</strong></span> <span class='ocrx_word' id='word_1_191' title='bbox 853 2736 962 2802; x_wconf 85' lang='lat' dir='ltr'><strong>terrae,</strong></span> 
     </span>
     <span class='ocr_line' id='line_1_31' title="bbox 168 2811 872 2888; baseline 0.001 -15"><span class='ocrx_word' id='word_1_192' title='bbox 168 2811 276 2887; x_wconf 87' lang='lat' dir='ltr'><strong>Sitque</strong></span> <span class='ocrx_word' id='word_1_193' title='bbox 291 2811 422 2872; x_wconf 88' lang='lat' dir='ltr'><strong>subhac</strong></span> <span class='ocrx_word' id='word_1_194' title='bbox 438 2813 540 2872; x_wconf 90' lang='lat' dir='ltr'><strong>oriens</strong></span> <span class='ocrx_word' id='word_1_195' title='bbox 556 2811 767 2888; x_wconf 78' lang='lat' dir='ltr'><strong>occiduusque</strong></span> <span class='ocrx_word' id='word_1_196' title='bbox 782 2813 872 2874; x_wconf 69' lang='lat' dir='ltr'><strong>dies?</strong></span> 
     </span>
     <span class='ocr_line' id='line_1_32' title="bbox 122 2895 843 2972; baseline -0.001 -15"><span class='ocrx_word' id='word_1_197' title='bbox 122 2898 177 2957; x_wconf 89' lang='lat' dir='ltr'><strong>llle</strong></span> <span class='ocrx_word' id='word_1_198' title='bbox 191 2896 382 2972; x_wconf 83' lang='lat' dir='ltr'><strong>precabatur.</strong></span> <span class='ocrx_word' id='word_1_199' title='bbox 412 2897 525 2958; x_wconf 90' lang='lat' dir='ltr'><strong>tonitru</strong></span> <span class='ocrx_word' id='word_1_200' title='bbox 540 2896 625 2956; x_wconf 90' lang='lat' dir='ltr'><strong>dedit</strong></span> <span class='ocrx_word' id='word_1_201' title='bbox 639 2895 741 2955; x_wconf 89' lang='lat' dir='ltr'><strong>omina</strong></span> <span class='ocrx_word' id='word_1_202' title='bbox 755 2897 843 2956; x_wconf 89' lang='lat' dir='ltr'><strong>laevo</strong></span> 
     </span>
     <span class='ocr_line' id='line_1_33' title="bbox 164 2979 810 3056; baseline -0.003 -16"><span class='ocrx_word' id='word_1_203' title='bbox 164 2979 314 3056; x_wconf 89' lang='lat' dir='ltr'><strong>luppiter,</strong></span> <span class='ocrx_word' id='word_1_204' title='bbox 329 2986 359 3040; x_wconf 91' lang='lat' dir='ltr'><strong>et</strong></span> <span class='ocrx_word' id='word_1_205' title='bbox 373 2979 462 3041; x_wconf 88' lang='lat' dir='ltr'><strong>laevo</strong></span> <span class='ocrx_word' id='word_1_206' title='bbox 478 2980 604 3040; x_wconf 85' lang='lat' dir='ltr'><strong>fulmina</strong></span> <span class='ocrx_word' id='word_1_207' title='bbox 616 2979 713 3039; x_wconf 85' lang='lat' dir='ltr'><strong>missa</strong></span> <span class='ocrx_word' id='word_1_208' title='bbox 727 2980 810 3055; x_wconf 88' lang='lat' dir='ltr'><strong>polo.</strong></span> 
     </span>
     <span class='ocr_line' id='line_1_34' title="bbox 55 3061 775 3138; baseline -0.008 -10"><span class='ocrx_word' id='word_1_209' title='bbox 55 3074 109 3128; x_wconf 78' lang='lat'><strong>835</strong></span> <span class='ocrx_word' id='word_1_210' title='bbox 124 3064 261 3138; x_wconf 82' lang='lat' dir='ltr'><strong>Augurio</strong></span> <span class='ocrx_word' id='word_1_211' title='bbox 276 3062 347 3124; x_wconf 87' lang='lat' dir='ltr'><strong>laeti</strong></span> <span class='ocrx_word' id='word_1_212' title='bbox 362 3063 475 3124; x_wconf 87' lang='lat' dir='ltr'><strong>iaciunt</strong></span> <span class='ocrx_word' id='word_1_213' title='bbox 489 3063 666 3124; x_wconf 80' lang='lat' dir='ltr'><strong>fundamina</strong></span> <span class='ocrx_word' id='word_1_214' title='bbox 681 3061 775 3137; x_wconf 77' lang='lat' dir='ltr'><strong>oiveS,</strong></span> 
     </span>
     <span class='ocr_line' id='line_1_35' title="bbox 165 3147 807 3223; baseline -0.005 -17"><span class='ocrx_word' id='word_1_215' title='bbox 165 3147 203 3207; x_wconf 82' lang='lat' dir='ltr'><strong>Et</strong></span> <span class='ocrx_word' id='word_1_216' title='bbox 217 3163 315 3208; x_wconf 88' lang='lat' dir='ltr'><strong>novus</strong></span> <span class='ocrx_word' id='word_1_217' title='bbox 331 3147 443 3222; x_wconf 83' lang='lat' dir='ltr'><strong>exiguo</strong></span> <span class='ocrx_word' id='word_1_218' title='bbox 459 3153 598 3223; x_wconf 88' lang='lat' dir='ltr'><strong>tempore</strong></span> <span class='ocrx_word' id='word_1_219' title='bbox 612 3161 717 3206; x_wconf 91' lang='lat' dir='ltr'><strong>murus</strong></span> <span class='ocrx_word' id='word_1_220' title='bbox 733 3152 807 3204; x_wconf 84' lang='lat' dir='ltr'><strong>erat.</strong></span> 
     </span>
    </p>
   </div>
   <div class='ocr_carea' id='block_1_3' title="bbox 54 3229 1005 3626">
    <p class='ocr_par' dir='ltr' id='par_1_3' title="bbox 54 3229 1005 3626">
     <span class='ocr_line' id='line_1_36' title="bbox 123 3229 1005 3307; baseline 0 -17"><span class='ocrx_word' id='word_1_221' title='bbox 123 3231 190 3290; x_wconf 91' lang='lat' dir='ltr'><strong>Hoc</strong></span> <span class='ocrx_word' id='word_1_222' title='bbox 206 3230 292 3290; x_wconf 86' lang='lat' dir='ltr'><strong>Celer</strong></span> <span class='ocrx_word' id='word_1_223' title='bbox 305 3237 393 3306; x_wconf 84' lang='lat' dir='ltr'><strong>urget</strong></span> <span class='ocrx_word' id='word_1_224' title='bbox 407 3247 502 3307; x_wconf 86' lang='lat' dir='ltr'><strong>opus,</strong></span> <span class='ocrx_word' id='word_1_225' title='bbox 519 3246 610 3307; x_wconf 90' lang='lat' dir='ltr'><strong>quem</strong></span> <span class='ocrx_word' id='word_1_226' title='bbox 624 3230 774 3291; x_wconf 88' lang='lat' dir='ltr'><strong>Romulus</strong></span> <span class='ocrx_word' id='word_1_227' title='bbox 790 3229 858 3305; x_wconf 89' lang='lat' dir='ltr'><strong>ipse</strong></span> <span class='ocrx_word' id='word_1_228' title='bbox 873 3240 1005 3305; x_wconf 85' lang='lat' dir='ltr'><strong>vocarat,</strong></span> 
     </span>
     <span class='ocr_line' id='line_1_37' title="bbox 168 3312 916 3389; baseline -0.005 -14"><span class='ocrx_word' id='word_1_229' title='bbox 168 3313 336 3389; x_wconf 64' lang='lat' dir='ltr'><strong>‘Sinuque</strong></span> <span class='ocrx_word' id='word_1_230' title='bbox 355 3313 471 3389; x_wconf 62' lang='lat' dir='ltr'><strong>‘celem</strong></span> <span class='ocrx_word' id='word_1_231' title='bbox 490 3318 594 3375; x_wconf 87' lang='lat' dir='ltr'><strong>curae’</strong></span> <span class='ocrx_word' id='word_1_232' title='bbox 612 3312 732 3374; x_wconf 86' lang='lat' dir='ltr'><strong>dixerat</strong></span> <span class='ocrx_word' id='word_1_233' title='bbox 747 3312 821 3373; x_wconf 76' lang='lat' dir='ltr'><strong>‘ista</strong></span> <span class='ocrx_word' id='word_1_234' title='bbox 836 3318 916 3373; x_wconf 85' lang='lat' dir='ltr'><strong>tuae.</strong></span> 
     </span>
     <span class='ocr_line' id='line_1_38' title="bbox 122 3396 965 3472; baseline -0.002 -14"><span class='ocrx_word' id='word_1_235' title='bbox 122 3398 208 3458; x_wconf 80' lang='lat' dir='ltr'><strong>Neve</strong></span> <span class='ocrx_word' id='word_1_236' title='bbox 223 3398 291 3472; x_wconf 91' lang='lat' dir='ltr'><strong>quis</strong></span> <span class='ocrx_word' id='word_1_237' title='bbox 309 3405 365 3465; x_wconf 90' lang='lat' dir='ltr'><strong>aut</strong></span> <span class='ocrx_word' id='word_1_238' title='bbox 379 3413 500 3470; x_wconf 86' lang='lat' dir='ltr'><strong>muros,</strong></span> <span class='ocrx_word' id='word_1_239' title='bbox 516 3405 568 3458; x_wconf 88' lang='lat' dir='ltr'><strong>aut</strong></span> <span class='ocrx_word' id='word_1_240' title='bbox 582 3398 694 3457; x_wconf 83' lang='lat' dir='ltr'><strong>tactam</strong></span> <span class='ocrx_word' id='word_1_241' title='bbox 708 3410 834 3458; x_wconf 89' lang='lat' dir='ltr'><strong>vomere</strong></span> <span class='ocrx_word' id='word_1_242' title='bbox 846 3396 965 3459; x_wconf 86' lang='lat' dir='ltr'><strong>lessam</strong></span> 
     </span>
     <span class='ocr_line' id='line_1_39' title="bbox 54 3479 795 3556; baseline -0.005 -13"><span class='ocrx_word' id='word_1_243' title='bbox 54 3489 111 3543; x_wconf 72' lang='grc'><strong>880</strong></span> <span class='ocrx_word' id='word_1_244' title='bbox 167 3481 328 3556; x_wconf 83' lang='lat' dir='ltr'><strong>Transeat,</strong></span> <span class='ocrx_word' id='word_1_245' title='bbox 344 3482 507 3542; x_wconf 85' lang='lat' dir='ltr'><strong>audentem</strong></span> <span class='ocrx_word' id='word_1_246' title='bbox 522 3479 594 3542; x_wconf 85' lang='lat' dir='ltr'><strong>talia</strong></span> <span class='ocrx_word' id='word_1_247' title='bbox 610 3481 690 3542; x_wconf 90' lang='lat' dir='ltr'><strong>dede</strong></span> <span class='ocrx_word' id='word_1_248' title='bbox 703 3479 795 3540; x_wconf 69' lang='lat' dir='ltr'><strong>neci!</strong></span> 
     </span>
     <span class='ocr_line' id='line_1_40' title="bbox 791 3569 847 3626; baseline 0 0"><span class='ocrx_word' id='word_1_249' title='bbox 791 3569 847 3626; x_wconf 79' lang='lat'><strong>19*</strong></span> 
     </span>
    </p>
   </div>
   <div class='ocr_carea' id='block_1_4' title="bbox 0 0 1164 3960">
    <p class='ocr_par' dir='ltr' id='par_1_4' title="bbox 0 0 1164 3960">
     <span class='ocr_line' id='line_1_41' title="bbox 0 0 1164 3960; baseline 0 0"><span class='ocrx_word' id='word_1_250' title='bbox 0 0 1164 3960; x_wconf 95' lang='lat' dir='ltr'><strong> </strong></span> 
     </span>
    </p>
   </div>
  </div>
 </body>
</html>
