2318 3960
97 192 161 258 304
479 189 734 252 FASTORUM

224 346 302 407 Cura
315 342 485 420 repellendi
498 344 556 403 sed
570 343 643 404 1111111
657 343 739 402 1111113
754 343 816 404 luit.

182 429 360 490 Convenere
375 434 496 503 patres,
512 434 557 501 et,
574 427 693 487 sibene
708 425 818 488 floreat
832 443 939 506 annus,

220 510 399 574 Numinibus
414 510 528 572 nostris
543 527 645 572 annua
659 511 738 571 festa
750 520 875 573 vovent.

180 596 352 659 Annuimus
367 600 450 655 voto
480 594 592 655 consul
608 610 677 656 cum
693 596 820 655 consule
835 595 926 659 ludos

113 689 166 743 333
219 679 375 740 Ρ3311111113
390 678 510 738 Laenas
526 680 706 754 persoluere
720 678 816 738 mihi!

181 765 334 838 Quaerere
353 762 502 836 conabar,
521 778 616 838 quare
631 761 760 823 lascivia
773 762 871 824 1113131

222 848 276 906 Η13
293 846 395 908 1’3131
386 864 417 905 in
433 846 514 907 ludis
531 845 737 930 liberiorque
729 861 828 909 iocus.

182 931 245 992 Sed
258 931 332 992 mihi
347 930 506 1006 succurrit,
530 945 641 991 numen
654 946 716 991 non
732 946 804 991 esse
819 946 969 1007 severum,

95 1023 103 1039 '
219 1017 364 1091 Aptaque
380 1013 497 1075 deliciis
513 1030 640 1078 munera
654 1014 733 1075 13113
749 1015 848 1075 deam.

113 1108 164 1162 335
178 1100 330 1175 Tempora
345 1097 486 1160 sutilibus
502 1099 662 1173 cinguntur
675 1105 749 1174 pota
764 1099 897 1173 coronis,

219 1183 258 1244 Et
271 1185 344 1243 latet
358 1183 469 1242 iniecta
486 1182 651 1258 splendida
664 1198 772 1243 mensa
784 1198 868 1248 rosa.

178 1266 290 1328 Ebrius
305 1266 443 1328 incinctis
459 1266 581 1345 philyra
595 1265 726 1327 conviva
740 1266 858 1342 capillis

222 1351 332 1425 Saltat,
355 1358 385 1411 et
398 1351 577 1427 imprudens
592 1351 684 1413 utitur
697 1356 761 1410 arte
774 1351 858 1409 meri.

179 1434 288 1497 Ebrius
304 1435 343 1494 ad
360 1435 468 1495 durum
483 1435 637 1496 1311113333
651 1435 742 1497 limen
757 1434 873 1495 anricae

112 1528 164 1584 340
220 1519 334 1580 Cantat.
362 1518 476 1579 habent
491 1524 600 1580 unctae
615 1517 719 1580 mollia
731 1521 814 1580 serta
828 1534 943 1580 comae.

177 1602 265 1665 Nulla
278 1609 426 1664 coronata
442 1609 630 1678 peraguntur
644 1601 725 1663 seria
739 1602 846 1678 inante,

216 1686 279 1746 Nec
293 1686 429 1762 liquidae
444 1685 554 1747 vinctis
570 1685 647 1747 flore
661 1685 802 1747 bibuntur
816 1701 927 1761 aquae.

177 1770 283 1830 Donec
300 1785 368 1831 eras
383 1771 496 1832 mixtus
511 1769 611 1846 nullis,
630 1768 776 1844 Acheloe,
791 1770 932 1847 racemis,

220 1854 323 1914 Gratia
337 1854 506 1915 sumendae
520 1871 581 1916 non
597 1861 661 1914 erat
673 1853 736 1914 uilo
749 1869 850 1914 rosac.

110 1947 161 2003 345
176 1937 318 2000 Bacchus
334 1945 414 1998 amat
428 1936 539 1998 flores=
563 1937 684 1997 Baccho
699 1936 855 2012 placuisse
872 1953 1018 2007 coronam

216 2022 263 2082 iix
276 2022 450 2083 Ariadnaeo
467 2021 568 2082 sidere
583 2036 677 2082 nosse
690 2028 791 2096 potes.

176 2105 296 2166 Scaena
310 2106 388 2166 levis
402 2105 491 2167 decet
504 2105 593 2167 hanc.
618 2111 747 2178 nonest,
764 2104 836 2166 milri
848 2106 972 2182 credite,
988 2123 1049 2168 non
1063 2124 1081 2168 e

216 2190 271 2250 1113
285 2189 481 2250 cothurnatas
496 2189 576 2250 inter
589 2187 731 2249 habenda
746 2188 832 2252 deas.

174 2273 276 2334 Turba
291 2272 415 2349 quidem
430 2287 484 2332 cur
498 2273 557 2333 hos
572 2272 704 2333 celebret
718 2273 886 2335 meretricia
900 2273 1001 2350 ludos,

107 2363 159 2417 333
210 2357 279 2416 Non
294 2371 333 2415 ex
347 2355 464 2421 difficili
479 2371 574 2417 causo
588 2357 682 2432 petita
696 2355 811 2418 subest

173 2439 239 2500 Non
255 2445 302 2500 est
317 2440 356 2500 de
370 2438 502 2515 tetricis,
525 2457 587 2501 nou
603 2446 650 2501 est
665 2441 704 2500 de
718 2456 829 2517 magna
843 2441 1013 2518 professis=
1078 2487 1081 2494 .

214 2524 288 2583 Volt
301 2539 360 2585 sua
375 2521 495 2598 plebeio
513 2540 602 2586 sacra
622 2531 727 2600 patere
742 2525 845 2586 choro.

173 2608 211 2666 Et
229 2612 332 2668 monet
345 2608 453 2668 aetatis
469 2608 587 2684 specie,
610 2609 683 2669 dum
697 2607 815 2686 floreat,
829 2611 882 2686 uti,

215 2690 372 2751 Contemni
388 2692 523 2767 spinam,
542 2708 610 2752 cum
626 2692 765 2754 cecidere
779 2709 880 2761 rosae.

108 2782 158 2837 333
176 2776 235 2836 Cur
249 2782 366 2849 tamen,
390 2782 423 2835 nt
437 2775 547 2837 dantur
560 2781 664 2836 vestes
681 2776 847 2839 Cerialibus
863 2776 961 2857 albae,

215 2857 266 2919 Sic
280 2858 357 2918 haec
372 2864 420 2919 est
436 2860 520 2922 cultu
533 2859 722 2920 versicolore
737 2860 874 2923 decens?

172 2944 221 3001 An
237 2943 310 3017 quia
325 2943 451 3003 maturis
467 2942 595 3004 albescit
608 2944 721 3006 messis
737 2945 859 3021 3113113·

213 3024 250 3084 m
267 3027 354 3085 color
368 3033 398 3086 31
413 3028 535 3102 species
550 3025 679 3089 floribus
698 3029 801 3090 omnis'
811 3030 925 3105 inestt

171 3109 295 3172 Annuit.
325 3115 354 3168 et
369 3109 460 3171 motis
478 3109 572 3171 flores
588 3110 729 3172 cecidere
743 3113 871 3190 capilliS,

104 3204 155 3256 333
211 3194 388 3257 Accidere
380 3214 411 3257 111
427 3212 551 3257 mensas
569 3205 603 3256 ut
616 3213 692 3263 rosa
709 3195 805 3258 missa
819 3197 961 3257 33131.

173 3279 303 3340 Lumina
317 3280 490 3352 restabant,
509 3279 639 3356 quorum
655 3296 704 3342 me
719 3297 818 3367 causa
821 3258 1002 3376 latebam

206 3363 332 3423 Cum'
307 3382 352 3427 313
369 3383 491 3427 3113133
507 3364 633 3429 abstulit
643 3365 698 3435 1113
713 3362 816 3434 meos:

175 3445 247 3506 ‘Vel
267 3449 338 3524 quia
353 3448 518 3527 purpureis
537 3452 692 3511 collucent
708 3449 838 3512 floribus
854 3447 927 3524 agri,
