2318 3960
496 264 721 327 TRISTIUM

230 419 353 479 Belides
369 426 398 478 et
413 418 517 478 stricto
532 417 681 476 barbarus
697 432 772 476 ense
786 424 883 492 pater,

192 501 337 578 Quaeque
352 501 408 560 viri
424 501 515 562 docto
530 508 651 560 veteres
667 516 798 575 coepere
812 501 949 576 novique

227 586 368 656 Pectore,
386 585 509 645 lecturis
525 584 718 659 inspicienda
731 591 845 658 patent.

144 678 177 732 65
194 668 381 743 Quaerebam
396 669 515 742 iratres,
533 669 670 742 exceptis
685 667 801 728 scilicet
816 668 884 740 illis,

233 753 316 826 Quos
332 768 408 811 suus
425 758 543 827 optaret
556 767 618 810 non
633 751 778 826 genuisse
793 766 916 826 parens.

194 836 392 910 Quaerentem
406 835 517 895 frustra
532 843 637 896 custos
653 851 670 893 e
685 834 811 896 sedibus
828 835 887 896 illis

235 919 432 994 Praepositus
448 926 554 980 sancto
569 918 658 979 iussit
673 918 758 978 abire
772 920 851 978 loco.

193 1005 296 1062 Altera
310 1003 423 1078 templa
437 1011 524 1078 peto,
540 1003 641 1062 vicino
657 1003 760 1062 iuncta
774 1003 908 1063 theatr02

146 1094 180 1148 70
235 1087 318 1147 llaec
334 1102 458 1161 quoque
472 1093 558 1147 crant
572 1085 703 1161 pedibus
719 1101 779 1146 non
796 1085 941 1147 adeunda
955 1087 1043 1146 meis.

193 1172 254 1230 Nec
271 1187 333 1246 me,
350 1186 428 1244 quae
444 1170 543 1231 doctis
558 1176 721 1245 patuerunt
736 1170 834 1244 prima
849 1169 968 1244 libellis,

231 1255 316 1313 Atria
329 1254 466 1314 Libertas
480 1261 605 1329 tangere
620 1269 716 1328 passa
732 1269 789 1312 sua
803 1260 859 1313 est.

192 1339 225 1397 ln
241 1355 338 1412 genus
353 1338 486 1398 auctoris
502 1337 605 1398 miseri
620 1338 741 1398 fortuna
755 1337 915 1408 redundat,

230 1422 268 1481 Et
281 1423 411 1496 patimur
425 1421 487 1482 nati
503 1437 593 1496 quarn
610 1422 677 1482 tulit
691 1423 775 1496 ipse,
790 1421 902 1495 lugam.
994 1463 996 1468 -

147 1513 179 1569 la
194 1505 332 1565 Forsitan
347 1511 377 1564 et
391 1504 481 1565 nobis
497 1503 568 1564 olim
583 1505 683 1564 minus
698 1519 791 1579 asper
806 1510 836 1564 et
850 1503 891 1562 illi

232 1589 357 1648 Evictus
373 1589 465 1662 longo
482 1596 618 1663 tempore
634 1587 747 1647 Caesar
762 1588 826 1646 erit.
969 1588 1024 1666 [da
1034 1596 1083 1650 est
1094 1631 1111 1648 ..

192 1673 237 1743 Di,
257 1687 375 1748 precor,
387 1678 479 1747 atque
490 1672 569 1731 adeo
623 1671 815 1745 nequeenim
827 1671 900 1731 mihi
911 1669 1001 1731 turba
1011 1687 1114 1748 rogau-

234 1755 361 1828 Cacsar,
378 1755 454 1814 ades
472 1762 559 1826 voto,
576 1755 707 1814 maxime
722 1754 807 1829 dive,
823 1761 908 1817 meet

194 1842 326 1913 interea,
343 1839 487 1914 quoniam
499 1839 589 1899 statio
607 1839 680 1898 milri
694 1838 818 1913 publica
832 1840 938 1899 clausa
953 1847 1009 1912 est,

144 1934 179 1987 80
232 1921 352 1981 Privato
368 1921 456 1982 liceat
471 1923 629 1983 delituisse
644 1925 723 1983 loco.

194 2008 259 2067 Vos
275 2021 413 2081 quoque,
431 2007 457 2066 si
473 2007 520 2066 ias
537 2014 597 2080 est,
618 2008 747 2067 confusa
762 2005 882 2081 pudore
896 2007 1041 2080 repulsae

235 2088 351 2148 Sumite
367 2089 504 2163 plebeiae
520 2091 653 2149 carolina
670 2095 775 2149 nostra
788 2105 907 2149 manus.

129 2226 171 2320 2.
190 2220 276 2330 Ergo
293 2261 358 2314 erat
372 2255 402 2314 in
420 2254 489 2315 latis
505 2253 662 2330 Scythiam
678 2273 802 2332 quoque
817 2258 918 2318 visere
933 2259 1057 2333 nostris,

235 2338 381 2413 Quaeque
394 2338 552 2413 Lycaonio
568 2346 648 2399 terra
663 2340 720 2400 sub
735 2357 794 2400 axe
806 2342 905 2402 iacet?

194 2424 255 2481 Nec
273 2437 343 2492 VOS,
359 2421 510 2494 Pierides,
528 2438 584 2482 nec
599 2423 693 2498 stirps
707 2424 828 2497 Letoia,
845 2432 948 2486 vestro

231 2507 328 2565 Docta
342 2505 494 2566 sacerdoti
508 2506 596 2565 turba
609 2509 720 2569 tulistis
737 2523 836 2583 opem.

149 2591 240 2652 allec
256 2587 328 2647 mihi
344 2589 429 2663 quod
443 2589 503 2649 lusi
520 2604 591 2649 vero
608 2591 674 2650 sine
690 2592 829 2667 crimine,
850 2592 987 2668 prodest,

238 2672 388 2747 Quodque
404 2673 501 2747 magis
520 2673 583 2734 vita
597 2674 686 2735 Musa
701 2675 801 2737 iocata
817 2691 885 2736 mea
899 2681 963 2735 est:

195 2754 326 2816 Plurima
340 2756 397 2815 sed
412 2757 522 2831 pelago
539 2765 679 2833 terraque
694 2760 830 2834 pericula
850 2774 978 2835 passum

232 2839 328 2901 Ustus
343 2839 381 2898 ab
397 2839 525 2901 assiduo
541 2841 655 2918 frigore
665 2841 781 2903 Pontus
795 2843 897 2905 habet.

196 2923 313 2998 Quique
328 2923 421 2997 fugax
437 2939 537 2984 rerum
551 2940 723 3000 securaque
738 2927 768 2986 in
785 2928 847 2986 otia
862 2933 962 2999 natus,

146 3017 179 3070 10
233 3006 334 3066 Mollis
350 3014 379 3066 et
394 3006 545 3082 inpatiens
561 3016 630 3068 ante
644 3009 758 3070 laboris
773 3027 866 3086 eram,

199 3089 306 3150 Ultima
320 3105 400 3150 nunc
415 3091 521 3167 patior.
559 3108 615 3153 nec
630 3108 678 3152 me
697 3110 780 3154 mare
795 3093 936 3170 portibus
956 3093 1062 3153 orbum
1153 3139 1155 3151 .

234 3172 381 3248 Perdere,
402 3175 544 3236 diversae
558 3191 615 3236 nec
631 3183 756 3251 potuere
777 3179 853 3252 viae,

197 3254 382 3332 Suffecitque
397 3259 485 3319 malis
500 3259 628 3319 animus.
657 3275 725 3321 nam
743 3278 856 3337 corpus
873 3261 910 3321 ab
927 3260 978 3321 illo

235 3341 365 3415 Accepit
381 3343 478 3414 vires,
497 3342 608 3416 vixque
625 3344 752 3405 serenda
766 3346 840 3407 tulit.

145 3435 177 3486 la
193 3426 267 3484 [lum
285 3430 383 3484 tamen
399 3431 429 3484 et
443 3425 541 3485 ventis
557 3425 667 3487 dubius
683 3428 818 3489 iactabar
833 3437 862 3488 et
878 3427 979 3500 undis,

234 3507 369 3568 Fallebat
390 3524 478 3567 curas
495 3523 648 3584 aegraque
664 3511 758 3570 corda
773 3511 874 3572 labora
