2318 3960
403 242 431 316 1,
454 240 489 314 3,
511 239 632 315 92-5,
654 240 704 302 35.

117 396 184 455 Vos
204 393 335 454 animam
355 407 469 454 saevae
485 393 600 452 fessam
617 392 782 455 ¹subducite
800 394 898 470 morti,

159 477 192 538 Si
212 476 305 538 modo
324 477 375 553 qui
392 475 482 552 periit
501 492 561 537 non
582 477 714 552 periisse
733 484 845 552 potest.

71 608 150 726 μθ
171 644 242 704 mihi
263 651 336 720 post
353 645 434 706 ullos
454 662 620 722 numquam
639 648 837 708 memorande
854 647 985 721 sodales,

160 727 184 788 0
206 729 253 788 eui
271 727 438 804 praecipue
457 745 527 789 sors
542 747 611 791 mea
631 732 698 791 visa
715 747 773 792 sua
788 739 850 793 est!

115 812 283 874 Attonitum
304 812 355 886 qui
375 827 439 887 me,
456 815 591 889 memini,
612 815 782 889 carissime,
802 816 918 892 primus

158 899 263 957 Ausus
283 911 317 956 es
338 896 485 971 adloquio
502 899 687 959 sustinuisse
702 904 765 973 tuo,

85 981 175 1055 59ui
195 979 268 1040 mihi
289 980 450 1040 consilium
468 981 592 1042 vivendi
611 983 683 1042 mite
700 982 821 1057 dedisti,

159 1064 233 1125 Cum
252 1064 332 1123 soret
347 1064 378 1123 in
397 1063 509 1123 misero
530 1072 656 1141 pectore
674 1067 780 1128 mortis
801 1079 896 1125 amor.

115 1147 185 1210 Scis
203 1147 298 1221 bene,
318 1147 367 1207 cui
387 1148 500 1223 dicam,
519 1149 628 1224 positis
648 1167 706 1225 pro
726 1150 848 1211 nomine
865 1148 970 1224 signis,

161 1231 301 1292 Officium
321 1245 378 1290 nee
393 1239 423 1291 te
442 1232 532 1306 lallit,
553 1232 665 1307 amice,
685 1241 779 1294 tuum.
947 1244 952 1251 “

116 1318 202 1377 Haec
218 1315 290 1374 mihi
310 1330 435 1389 semper
453 1324 540 1375 erunt
559 1317 627 1376 imis
647 1317 742 1378 iniixa
756 1315 907 1389 medullis,

71 1411 102 1462 lo
157 1400 389 1475 perpetuusque
409 1399 528 1459 animae
545 1400 664 1460 debitor
681 1399 772 1462 huius
792 1416 862 1461 ero:

120 1483 252 1558 Spiritus
273 1489 302 1542 et
317 1497 433 1543 vacuas
453 1483 539 1558 prius
557 1483 608 1544 hic
625 1486 798 1546 tenuandus
818 1485 848 1544 in
866 1498 957 1544 auras

160 1566 232 1642 Ibit,
249 1567 325 1626 etin
342 1566 447 1641 tepido
470 1567 592 1628 deseret
612 1584 686 1629 ossa
701 1584 788 1645 rogo,

118 1651 215 1726 Quam
235 1650 366 1711 subeant
385 1650 485 1710 animo
505 1652 680 1712 meritorum
697 1653 810 1714 oblivia
830 1657 945 1724 nostro,

160 1735 198 1794 Et
216 1735 308 1809 longa
327 1734 426 1808 pietas
446 1735 568 1794 excidat
583 1735 643 1796 ista
661 1735 720 1795 die.

73 1828 102 1880 15
117 1819 154 1879 Di
172 1818 226 1878 tibi
246 1818 307 1878 sint
325 1818 447 1890 faciles,
470 1824 500 1876 et
518 1820 587 1893 opis
609 1820 721 1880 nullius
742 1826 880 1895 egentem

159 1902 322 1962 Fortunam
341 1907 497 1976 praestent
512 1902 752 1979 dissimilemque
771 1918 868 1962 meae.

120 1986 152 2046 Si
172 1993 272 2045 tamen
292 1983 370 2044 haee
389 1985 478 2045 navis
498 1992 589 2045 vento
608 1986 737 2046 terretur
756 1986 863 2058 amico,

160 2070 356 2145 Ignoraretur
373 2068 500 2128 forsitan
518 2068 577 2128 ista
594 2068 684 2128 fides.

116 2153 237 2213 Thesea
254 2150 405 2212 Pirithous
425 2168 488 2215 non
507 2158 569 2212 tam
589 2153 739 2213 sensisset
759 2152 898 2224 anticum,

71 2249 105 2302 20
162 2235 194 2297 Si
215 2251 276 2295 non
296 2235 431 2295 internas
451 2237 541 2296 vivus
559 2235 676 2297 adisset
695 2252 804 2312 aquas.

118 2322 158 2385 Ut
174 2321 252 2383 toret
266 2320 439 2398 exemplum
461 2320 524 2381 veri
543 2318 682 2381 Phoceus
702 2320 826 2395 amoris,

161 2408 311 2467 Fecerunt
331 2405 440 2479 iuriae,
459 2405 553 2466 tristis
570 2403 693 2479 Oresta,
713 2411 793 2465 tuae.

121 2492 153 2552 Si
173 2507 234 2551 non
252 2490 406 2567 Euryalus
423 2489 553 2551 Rutulos
571 2489 736 2549 cecidisset
751 2488 781 2548 in
801 2487 917 2560 hostes,

161 2574 348 2650 Hyrtacidae
361 2573 425 2633 Nisi
446 2574 543 2648 gloria
558 2575 642 2633 nulla
662 2574 750 2634 ioret.

71 2668 103 2720 25
119 2657 241 2718 Scilicet
257 2662 291 2720 ut
309 2657 425 2718 fulvum
445 2663 600 2732 spectatur
619 2657 648 2715 in
666 2655 786 2732 ignibus
802 2669 918 2724 aurum,

160 2744 311 2815 Tempore
328 2741 374 2800 sie
394 2740 471 2800 duro
492 2746 540 2800 est
558 2739 750 2815 inspicienda
768 2737 857 2798 fides.

120 2826 199 2885 Dum
218 2825 302 2884 iuvat
319 2831 350 2883 et
367 2824 451 2883 vultu
470 2823 549 2883 ridet
561 2823 696 2883 Fortuna
711 2837 830 2892 sereno,

159 2908 346 2967 lndelibatas
367 2913 477 2968 cuncta
497 2914 667 2982 sequuntur
684 2922 776 2982 opes:

119 2992 160 3052 At
175 2992 265 3052 simul
286 2991 429 3066 intonuit,
450 2991 582 3066 fugiunt,
602 3005 661 3051 nec
677 2991 814 3050 noscitur
830 2986 892 3057 ulli,

71 3085 106 3139 30
160 3074 343 3150 Agminibus
361 3075 504 3136 comitum
525 3075 576 3150 qui
593 3075 685 3134 modo
704 3073 820 3132 cinctus
840 3076 913 3128 erat.

120 3161 223 3234 Atque
240 3158 334 3234 haec,
355 3159 504 3234 exemplis
525 3157 680 3233 quondam
701 3156 829 3216 collecta
845 3154 990 3228 priorum,

161 3243 248 3305 Nunc
266 3243 339 3301 mihi
356 3249 428 3303 sunt
445 3242 578 3316 propriis
601 3239 723 3314 cognita
741 3254 816 3298 vera
832 3237 931 3297 malis.

120 3328 181 3386 Vix
201 3327 262 3386 duo
279 3333 383 3386 tresve
402 3325 474 3384 mihi
495 3325 534 3384 de
553 3330 597 3384 tot
616 3324 785 3400 superestis
806 3317 909 3381 amicic

164 3409 272 3472 cetera
286 3409 454 3482 Fortunae,
475 3423 536 3468 non
551 3423 620 3468 mea
635 3407 723 3467 turba
740 3406 803 3467 iuit.

71 3492 107 3556 'os
121 3497 188 3569 Quo
204 3492 319 3568 magis,
340 3510 358 3553 o
376 3493 481 3567 pauci,
503 3492 595 3552 lassis
613 3491 781 3552 succurrite
795 3487 899 3558 rebus,
