2318 3960
97 215 158 278 ara
276 183 280 186 ’
479 212 732 276 rnsroaun

132 376 165 427 10
221 367 308 426 Voce
321 367 424 442 locus,
441 367 544 427 sinon
560 364 788 442 obstreperetur
801 365 899 439 aquis.

179 449 235 509 Hie
249 466 307 525 ego
323 450 523 525 quaerebam,
541 449 641 524 coepti
656 464 737 522 quae
750 448 865 508 mensis
881 448 967 522 origo

221 532 326 608 Esset,
342 541 372 595 et
385 536 416 592 in
432 551 505 594 cura
519 532 652 593 nominis
667 531 759 593 huius
773 547 866 592 eram.

179 616 261 679 Ecce
275 618 349 677 deas
368 617 439 676 vidi.
470 632 531 677 non
547 632 625 691 quas
641 622 823 690 praeceptor
836 613 944 676 arandi

221 699 362 774 Viderat,
378 703 530 760 Ascraeas
546 715 614 759 cum
628 706 809 772 sequeretur
825 713 915 758 oves=

130 790 161 843 15
175 782 238 842 Nec
253 799 330 857 quas
344 782 510 843 Priamides
525 783 556 842 in
572 797 710 857 aquosae
722 782 854 842 vallibus
868 781 943 841 Idae

223 866 362 926 contulit.
390 881 430 925 ex
443 866 503 926 illis
521 864 578 926 sed
593 873 692 925 tamen
706 882 769 925 una
783 865 846 925 luit.

178 949 225 1009 Ex
240 950 299 1009 illis
314 949 459 1023 sultuna,
475 949 523 1009 sui
537 964 682 1024 germana
696 949 808 1008 mariti:

219 1034 304 1092 Haec
319 1039 397 1104 erat,
414 1033 542 1108 agnovi,
561 1048 641 1107 quae
656 1039 717 1092 slat
730 1033 761 1091 in
781 1048 852 1092 arce
866 1031 961 1092 Iovis.

178 1117 377 1190 ilorrueram,
394 1117 549 1191 tacitoque
562 1116 694 1176 animum
716 1118 832 1191 pallore
848 1115 976 1176 fatebar.

128 1209 163 1262 to
217 1200 292 1260 Tum
308 1199 381 1275 dea,
398 1216 476 1274 quos
492 1200 578 1273 lecit,
593 1199 714 1260 sustulit
726 1200 797 1276 ipsa
809 1206 920 1261 metus.

177 1283 313 1358 Namque
328 1284 369 1359 ait
383 1282 420 1343 ‘0
436 1290 538 1358 vates,
555 1284 684 1343 Romani
700 1283 839 1343 conditor
855 1282 936 1358 anni,

219 1368 305 1426 Ause
319 1383 376 1443 per
390 1367 521 1442 exiguos
538 1382 650 1441 magna
663 1367 778 1427 referre
791 1366 913 1440 modos,

177 1448 229 1510 Ius
243 1449 297 1509 tibi
312 1450 410 1510 iecisti
425 1466 536 1510 numen
552 1452 685 1510 caeleste
697 1449 833 1524 videndi,

221 1532 295 1594 Cum
310 1534 424 1609 placuit
437 1534 570 1595 numeris
592 1533 726 1597 condere
741 1534 820 1594 testa
832 1532 901 1601 tuis.

126 1624 160 1677 25
174 1616 219 1675 Ne
233 1624 334 1678 tamea
349 1617 472 1691 ignores
486 1616 633 1692 volgique
647 1632 751 1690 errore
764 1616 904 1692 uanam,

219 1699 323 1760 Iunius
340 1706 479 1760 anostra
494 1700 617 1760 nomine
632 1715 741 1760 nomen
756 1699 862 1762 habet.

176 1783 232 1844 Est
245 1783 360 1857 aliquid
374 1782 519 1860 nupsisse
534 1783 613 1856 Iovi,
633 1783 715 1844 Iovis
729 1799 803 1846 esse
816 1799 965 1845 sororem.

217 1865 322 1926 Fratre
336 1867 448 1942 magis,
464 1867 584 1941 dubito,
599 1867 727 1941 glorier,
743 1883 822 1927 anne
836 1867 912 1927 viro.

178 1948 210 2010 Si
225 1966 322 2024 genus
341 1951 502 2026 aspicitur,
519 1949 680 2021 Saturnum
695 1949 792 2028 prima
806 1957 963 2026 parentem

126 2042 161 2094 30
215 2032 303 2094 Feci=
335 2032 457 2096 Saturni
471 2051 541 2096 sors
556 2050 613 2109 ego
628 2034 794 2109 primatui.

176 2118 204 2176 A
220 2125 306 2191 patre
320 2117 402 2179 dicta
416 2133 484 2177 meo
501 2118 657 2193 quondam
675 2117 817 2187 saturnia
830 2119 931 2187 Roma
944 2125 1010 2184 est:

159 2196 161 2201 ’
218 2201 303 2260 Haec
317 2201 360 2263 illi
375 2218 394 2261 a
408 2203 494 2261 caelo
511 2201 651 2276 proxima
664 2207 744 2262 terra
758 2201 822 2263 luit.
1012 2229 1014 2232 >

177 2281 209 2343 Si
224 2291 308 2344 torus
323 2285 354 2343 in
369 2283 467 2359 pretio
483 2291 544 2358 est,
560 2285 646 2344 dicor
663 2290 801 2345 matrona
814 2284 968 2359 Tonantis,

217 2366 385 2442 Iunctaque
400 2368 529 2442 Tarpeio
545 2374 616 2429 sunt
629 2383 697 2428 mea
714 2370 828 2443 templa
842 2368 917 2430 lovi.

126 2457 159 2511 35
173 2451 221 2507 An
238 2451 336 2523 poluit
349 2449 430 2509 Maio
446 2450 537 2525 pelex
552 2451 625 2510 dare
640 2450 763 2511 nomina
777 2452 884 2526 mensi,

217 2531 275 2591 Hic
289 2531 409 2593 honor
401 2549 432 2591 ln
446 2532 536 2592 nobis
552 2533 724 2594 invidiosus
740 2535 816 2593 erit?

177 2613 236 2674 Cur
251 2615 340 2690 igitur
352 2616 461 2691 regina
473 2631 570 2681 vocor
583 2617 790 2694 princepsque
807 2618 956 2678 dearum?

182 2681 321 2758 Aurea
334 2714 388 2758 cur
401 2699 527 2759 dextrae
542 2707 664 2776 sceptra
677 2699 791 2760 dedere
804 2708 912 2761 meae?

175 2782 228 2847 An
240 2781 352 2844 iacient
366 2797 502 2844 mensem
517 2783 601 2843 luces
610 2783 810 2858 ,Lucinaque
825 2785 864 2850 ab
878 2784 938 2845 illis

126 2874 160 2924 to
216 2864 321 2938 Dicar,
338 2872 368 2926 et
382 2882 401 2927 a
415 2866 499 2937 nulio
515 2866 639 2927 nomina
658 2882 765 2928 mense
779 2867 920 2933 trahamt.

175 2949 251 3008 Tum
264 2963 313 3008 me
326 2949 481 3024 paeniteat
495 2950 641 3024 posuisse
654 2950 784 3023 fideliter
799 2952 861 3023 iras

216 3031 250 3091 In
265 3047 364 3106 genus
376 3031 515 3098 Electrae
528 3033 775 3110 Dardaniamque
790 3035 924 3104 domurn,

177 3113 277 3175 Causa
291 3115 406 3192 duplex
421 3115 493 3178 irae.
522 3123 610 3192 rapto
626 3117 975 3196 Ganymedeooreuam

217 3198 330 3260 Forma
346 3214 469 3275 quoque
483 3199 576 3261 Idaeo
593 3199 694 3271 iudice
710 3202 794 3265 victa
808 3217 879 3275 mea
892 3207 950 3275 est.

126 3286 160 3341 to
173 3279 340 3356 Paeniteat,
358 3283 442 3357 quud
457 3299 519 3357 nun
534 3285 625 3351 foveo
641 3283 831 3360 Carthaginis
849 3301 949 3361 arces,

217 3364 291 3429 eum
307 3382 375 3427 mea
389 3367 450 3439 siut
462 3367 520 3443 illp
530 3382 636 3441 eunus
650 3373 681 3427 et
693 3384 778 3430 arma
792 3369 872 3440 loco.

175 3447 329 3510 Paeniteat
343 3447 474 3524 Sparten
487 3453 651 3526 Argosque
664 3466 812 3527 measque
826 3451 976 3530 Mycenas
