2318 3960
375 228 433 302 lv,
455 225 490 301 9,
511 223 653 300 97-10,
675 224 729 289 36.
1002 225 1060 290 let

40 387 118 486 10.
173 416 493 490 nnaluovluo.

131 505 193 603 flic
207 541 280 602 mihi
295 543 454 604 Cimmerio
470 544 517 604 bis
531 546 618 605 tertia
632 546 754 607 ducitur
767 551 873 606 aestas

171 626 274 687 Litore
288 627 411 702 pellitos
426 628 504 689 inter
516 629 637 703 agenda
653 629 755 690 Getas.

129 710 254 785 Ecquos
268 717 302 770 tu
316 711 435 786 silices,
455 712 593 786 ecquod,
611 712 783 784 carissime,
804 713 917 773 lernam

171 793 306 855 Duritiae
321 796 459 869 confers,
474 795 682 870 Albinovane,
697 803 807 857 maaet

100 890 117 940 5
134 878 224 938 Gutta
242 885 333 940 cavat
346 879 490 954 lapidem.
519 879 708 940 consumitur
722 881 830 940 anulus
845 895 920 940 nsua

173 960 320 1022 Atten'tur
334 977 445 1036 pressa
457 977 565 1021 vomer
579 962 717 1023 aduncus
732 963 835 1023 humo.

128 1044 262 1120 Tempus
278 1045 360 1104 edax
373 1044 463 1119 igitur
477 1051 599 1119 praeter
612 1061 671 1105 nos
687 1045 789 1105 omnia
802 1045 918 1120 perdiu

173 1126 281 1188 Cessat
298 1128 410 1190 duritia
422 1143 506 1188 mors
522 1144 647 1202 quoque
662 1129 743 1187 victa
758 1143 836 1187 mea.
918 1178 920 1183 ⁴

128 1210 313 1285 Exemplum
327 1219 375 1272 est
393 1212 485 1271 animi
500 1211 625 1272 nimium
639 1211 781 1285 patientis
795 1211 912 1283 Ulixes,

77 1305 114 1356 lo
169 1295 301 1355 lactatus
316 1294 409 1356 dubio
429 1309 486 1371 per
505 1295 567 1355 duo
584 1296 681 1356 lustra
695 1294 781 1355 mari.

130 1379 282 1453 Tempore
296 1378 416 1439 solliciti
432 1378 566 1438 sednon
580 1385 681 1438 mmen
696 1378 799 1439 omnia
813 1378 865 1437 lati

171 1460 309 1536 Pertulit,
330 1469 360 1521 et
374 1461 515 1538 placidae
535 1478 631 1536 saepe
647 1462 732 1522 luere
751 1475 865 1521 morae.

129 1549 179 1606 An
198 1560 293 1620 mave
312 1561 370 1605 sex
384 1545 473 1606 annis
489 1544 647 1620 pulchram
662 1546 780 1605 lovissc
795 1544 941 1622 Calypso,

171 1628 358 1704 Aeaeaeque
371 1629 427 1690 luit
445 1627 651 1689 concubuisse
666 1629 765 1689 deaei

56 1780 60 1786 ¹
78 1721 114 1775 15
128 1712 251 1787 Excipit
264 1712 475 1788 Hippotades,
492 1712 544 1788 qui
559 1712 613 1772 dat
626 1728 681 1787 pro
698 1726 824 1773 munere
838 1718 958 1786 ventos,

173 1794 284 1855 curvet
299 1803 332 1856 ut
347 1797 487 1872 inpulsos
501 1795 584 1856 utilis
600 1811 675 1855 aura
689 1796 784 1855 sinus.

128 1879 192 1938 Nec
205 1878 286 1938 benc
299 1887 456 1940 cantantes
472 1877 560 1939 labor
577 1887 625 1939 est
643 1878 770 1940 audisse
784 1879 917 1954 puellas=

170 1961 234 2022 Nec
248 1962 422 2037 degustanti
437 1964 517 2024 lotos
533 1977 637 2022 amara
651 1963 715 2022 fuit

128 2045 195 2107 Hos
212 2060 285 2121 ego,
302 2047 354 2120 qui
368 2047 485 2122 patriae
501 2045 613 2105 iaciant
627 2044 754 2120 oblivia,
770 2053 863 2105 sucos

75 2138 113 2191 to
169 2128 258 2190 Parte
272 2143 360 2191 meae
379 2131 474 2204 vitae,
492 2129 626 2189 simodo
641 2129 765 2200 dentur,
780 2122 893 2188 emam!

129 2213 194 2272 Nec
207 2219 241 2272 tu
254 2213 422 2274 contuleris
436 2211 543 2274 urbem
563 2212 784 2289 Laestrygonis
804 2227 949 2286 umquam

173 2295 335 2372 Gentibus,
351 2297 476 2371 obliqua
493 2312 571 2370 quas
588 2295 652 2355 obit
665 2295 767 2356 Hister
781 2311 871 2370 aqna.

128 2380 192 2439 Nec
207 2379 308 2439 vincet
324 2395 450 2440 saevum
470 2379 603 2455 Cyclops
618 2379 736 2439 feritate
751 2378 911 2456 Phyacem

172 2462 227 2536 Qui
243 2471 339 2538 quota
353 2463 478 2523 terroris
497 2478 570 2538 pars
586 2463 665 2523 solet
681 2478 753 2523 esse
767 2461 847 2522 molt
939 2483 941 2487 ¹

77 2555 113 2608 tt
129 2545 235 2622 Scylla
249 2547 323 2606 leris
341 2552 449 2607 trunco
466 2546 552 2622 quod
566 2545 654 2605 latret
667 2545 706 2605 ab
724 2546 848 2620 inguine
862 2543 1042 2606 monstris...

170 2628 349 2689 Heniochae
362 2630 463 2690 nautis
478 2630 547 2704 plus
563 2644 697 2690 nocuere
712 2637 805 2690 rates.

128 2713 191 2773 Neo
206 2719 296 2788 potes
311 2713 430 2773 inlestis
446 2712 585 2772 conferre
603 2710 778 2789 Charybdin
793 2711 937 2786 Achaeis,
1017 2741 1056 2754 ν’

173 2796 231 2856 Ter
246 2797 317 2856 licet
330 2803 455 2872 epotum
469 2802 515 2857 ter
531 2801 632 2854 vomat
646 2793 698 2852 illa
716 2795 834 2855 fretum.

130 2880 186 2954 Qui
201 2896 387 2955 quamquam
404 2881 513 2940 dextra
525 2878 652 2952 regione
666 2877 806 2938 licentius
826 2885 936 2950 errant,

76 2970 115 3025 30
172 2962 320 3023 Securum
334 2965 414 3024 latus
430 2963 490 3022 hoc
507 2977 569 3023 non
585 2968 685 3021 tamen
700 2975 771 3020 esse
788 2961 900 3021 sinunt.

128 3046 186 3106 Hic
200 3047 266 3122 agri
281 3046 456 3118 inlrondeS,
471 3047 521 3106 hic
535 3045 655 3120 spicula
668 3044 762 3104 tincta
774 3045 918 3103 venenis=

171 3130 228 3190 Hic
241 3131 318 3190 lreta
334 3132 382 3189 vel
398 3130 493 3205 pediti
508 3127 615 3204 pervia
629 3127 730 3187 reddit
744 3127 852 3198 hiems,

130 3214 185 3288 Ut,
204 3229 382 3288 queremus
397 3213 454 3274 iter
469 3211 567 3289 pulsis
582 3211 676 3270 modo
691 3212 805 3270 lecerat
818 3206 919 3282 undis,

174 3295 282 3358 Siccus
297 3302 471 3373 contempta
488 3310 568 3356 nave
582 3293 682 3354 viator
695 3300 754 3353 eat.

74 3389 111 3443 ed
126 3379 183 3457 Qui
199 3380 324 3442 veniunt
338 3381 442 3454 istinc,
459 3379 512 3440 vix
527 3394 584 3438 vos
599 3393 636 3438 ea
653 3376 779 3437 credere
794 3375 907 3436 dieunt.

173 3463 270 3541 Quam
283 3466 377 3526 miser
390 3470 454 3539 est,
474 3463 527 3538 qui
541 3463 600 3522 lert
615 3460 775 3537 asperiora
787 3457 866 3520 ildel
