2318 3960
118 222 183 286 210
500 223 758 284 FASTORUM

205 377 272 448 An,
289 376 362 450 quia
376 376 540 451 praevisos
554 375 584 434 in
600 391 682 449 aqua
697 376 780 435 timet
796 375 898 436 hostia
914 379 1043 447 cultros.
1157 413 1159 443 2

248 462 276 520 h
292 460 413 534 peeoris
430 461 483 518 lux
499 465 546 519 εει
562 459 631 533 ipsa
645 465 749 519 notata
763 466 867 519 metui

204 542 264 603 Fas
280 543 384 615 otiam,
402 543 468 602 fieri
484 543 583 602 solitis
600 548 699 601 aetate
715 542 851 617 priorum

145 635 198 688 330
253 627 382 686 Nomina
397 626 436 684 de
451 626 532 685 ludis
548 625 665 685 Graeca
680 625 786 686 tulisse
802 627 893 685 diem.

202 710 240 770 Et
255 726 351 785 peous
366 709 509 784 antiquus
525 709 646 768 dicebat
659 710 781 783 Agonia
795 726 909 771 senno.

244 795 390 867 Veraque
404 793 516 853 iudicio
533 799 580 853 est
594 793 700 853 ultima
713 809 809 854 eausa
822 809 903 853 meo.

202 877 303 952 thue
318 893 355 936 aa
369 893 430 937 non
446 885 528 936 eerta
544 883 605 948 est,
621 877 662 935 ita
676 893 731 936 rex
747 877 872 952 planare
887 893 1048 941 sacrorum

245 961 375 1020 Numina
390 961 544 1034 lanigerae
559 961 690 1034 coniuge
704 961 795 1021 dehet
811 962 889 1023 ovis.

139 1047 189 1101 335
204 1044 346 1118 Victima,
364 1059 442 1119 quae
458 1044 567 1104 oeeidit
582 1044 691 1104 dextra
704 1043 844 1120 matrice,
858 1052 1004 1107 vocatur·

244 1128 391 1189 Hostibus
407 1145 425 1186 a
441 1127 565 1187 domitis
579 1127 682 1188 hostia
696 1143 807 1190 nomen
822 1129 925 1190 habet.

202 1212 296 1285 Ante,
314 1213 390 1272 deos
405 1211 519 1272 homini
537 1212 622 1286 quod
637 1213 802 1273 conciliare
817 1213 942 1287 valeret,

244 1296 303 1355 Far
318 1303 382 1355 erut
397 1303 427 1356 et
441 1296 509 1370 puri
525 1295 627 1355 lucida
641 1295 721 1356 mica
735 1297 820 1358 salis.

203 1380 343 1440 Nondum
358 1382 523 1455 pertulerat
538 1380 710 1441 lacrimatas
726 1381 840 1442 cortice
853 1383 1000 1458 myrrhas
1103 1411 1105 1416 ·

138 1473 190 1528 340
245 1466 323 1524 Acta
339 1479 394 1539 per
408 1479 581 1537 aequoreas
596 1464 721 1540 hospita
735 1466 824 1526 navis
839 1482 947 1542 aquas,

201 1547 280 1608 Tum
295 1563 352 1607 neo
366 1547 553 1622 Euphrates,
570 1563 627 1607 neo
641 1548 766 1609 miserat
780 1549 867 1609 India
882 1556 1013 1625 coslum,
1127 1581 1131 1588 ·

242 1631 304 1691 Neo
320 1632 439 1692 fuerant
452 1631 536 1691 rubri
551 1632 674 1706 cognita
688 1633 741 1694 fila
756 1633 848 1692 orooi.

200 1715 263 1774 Ara
278 1714 371 1777 dabat
386 1716 487 1776 lumos
501 1715 605 1776 herbis
621 1722 763 1777 contenta
778 1715 911 1790 Sabinis,

242 1799 279 1858 Ει
298 1816 358 1859 non
378 1799 489 1874 exiguo
505 1800 609 1860 laurus
630 1801 740 1860 adusta
754 1815 843 1860 sono.

137 1886 187 1939 als
204 1881 308 1957 Siquis
324 1889 402 1955 erat,
420 1883 507 1943 laetis
524 1883 601 1957 prati
618 1884 657 1943 de
672 1882 749 1943 lloro
764 1883 889 1945 coronis

245 1967 300 2040 Qui
316 1974 424 2042 posset
439 1967 539 2027 violas
554 1967 684 2040 addere,
701 1968 788 2027 dives
804 1974 877 2028 erat.

200 2051 271 2123 Hie,
290 2051 340 2126 qui
356 2066 437 2110 nuno
452 2050 550 2124 aperit
565 2051 704 2124 pamussi
719 2051 842 2111 viscera
857 2053 944 2126 tauri,

242 2135 276 2192 ln
292 2135 389 2194 sacris
405 2134 523 2194 nullum
538 2134 634 2194 culter
647 2133 780 2194 habebat
795 2149 885 2209 opus.

200 2218 300 2278 Prima
316 2217 408 2277 Ceres
423 2217 534 2277 avidae
549 2218 658 2291 gavisa
672 2224 720 2278 est
734 2218 883 2293 sanguine
896 2234 1022 2296 porcae,

138 2313 189 2367 350
246 2302 315 2363 Ulia
333 2317 408 2361 suas
421 2300 529 2361 merita
544 2302 639 2362 caede
653 2303 793 2362 nocentis
809 2318 897 2377 opes.

199 2387 275 2445 Nam
290 2392 357 2445 sata
371 2399 445 2444 vere
459 2399 540 2445 novo
558 2385 669 2446 teneris
685 2386 827 2446 lactentia
847 2387 933 2448 snois

242 2469 335 2529 Eruta
349 2468 520 2542 saetigerae
535 2469 683 2545 comperit
698 2484 751 2528 ore
766 2469 844 2530 suis.

201 2553 261 2613 Sus
282 2553 410 2613 dederat
424 2568 552 2626 poenas.
580 2553 729 2628 Exemplo
745 2553 866 2613 territus
881 2554 973 2615 huius

242 2636 367 2696 Palmite
382 2636 536 2697 debueras
551 2635 752 2710 abstinuisse,
769 2651 871 2712 caper.

142 2728 188 2782 555
207 2722 301 2795 Quem
316 2726 461 2797 spectans
476 2719 588 2795 ailquis
604 2721 712 2781 dentes
728 2721 757 2781 in
772 2721 835 2781 vite
849 2727 1048 2796 prementem,

242 2805 327 2865 Talia
340 2820 402 2864 non
417 2803 509 2864 taoito
530 2804 610 2864 diota
625 2805 733 2865 dolore
748 2804 846 2865 dedit:
1017 2804 1020 2809 '

201 2889 316 2961 ‘Roda
334 2905 435 2964 caper,
451 2888 560 2947 vitent
576 2894 676 2948 tamen
691 2888 772 2964 hino,
788 2903 857 2949 eum
871 2887 969 2949 stabis
985 2888 1025 2949 atl
1039 2903 1129 2965 araur,

241 2973 275 3031 In
290 2978 343 3033 tua
361 2971 446 3048 quod
460 2972 566 3047 spargi
581 2987 698 3033 cornua
712 2972 827 3048 possit,
843 2972 921 3032 erii’
1088 3042 1091 3047 ,

200 3055 304 3116 Verba
318 3056 398 3116 fides
413 3056 559 3130 sequitur.
588 3073 689 3118 noxae
702 3056 756 3116 tibi
772 3056 893 3117 deditus
907 3055 1008 3117 hostis

131 3152 188 3206 360
242 3139 402 3216 Spargitur
415 3140 528 3200 adfuso
544 3155 674 3215 cornua,
688 3140 825 3215 Bacche,
841 3155 937 3201 mero.
1012 3142 1015 3147 '

201 3223 296 3298 Culpa
310 3224 358 3284 sui
371 3223 485 3285 nocuit.
513 3223 619 3285 nocuit
633 3239 757 3299 quoque
773 3223 865 3301 eulpa
880 3224 1033 3300 oapellae=

240 3305 317 3379 Quid
334 3307 407 3379 bos,
428 3307 501 3382 quid
521 3308 662 3383 placidae
677 3308 901 3370 commeruistis
916 3314 1015 3369 orest

197 3389 304 3449 Flebat
317 3391 491 3462 Aristaeus,
511 3391 594 3467 quod
609 3407 685 3467 apes
701 3407 770 3453 oum
784 3390 880 3469 stirpe
895 3399 1021 3453 necatas

237 3471 365 3534 Viderat
382 3473 522 3551 inceptos
537 3475 714 3536 destituisse
728 3477 828 3536 lavos.
