2318 3960
97 207 158 271 174
486 205 545 266 EX
564 203 713 266 PONTO

220 360 286 419 Hoc
301 364 411 434 peceat
425 359 524 420 solum
541 358 567 418 si
582 373 650 417 mea
664 358 768 431 Musa,
784 357 863 418 bene
878 366 935 420 est.

177 445 250 518 lpse
265 459 322 518 ego
338 443 483 503 librorum
497 442 589 503 video
606 441 717 501 delicta
731 456 877 517 meorum,

221 526 296 587 Cum
310 543 367 587 sua
381 528 452 601 plus
467 527 546 586 iusto
563 525 697 584 carmina
712 524 844 600 quisque
857 523 979 600 probet.

178 612 294 670 Auctor
313 625 392 686 opus
407 610 520 670 laudat.
549 609 600 669 Sic
614 609 740 669 forsitan
754 608 868 683 Agrius
885 609 957 670 olirn

130 705 162 757 10
219 693 377 753 Thersiten
393 694 471 753 iacie
486 694 604 752 dixerat
618 707 689 752 esse
703 692 794 751 bona.

180 778 326 837 Iudicium
343 783 442 836 tamen
457 776 507 836 hic
525 783 741 836 nostrumnon
759 776 874 852 decipit
887 791 989 838 errore

220 861 298 932 Noe,
316 860 462 936 quiequid
477 860 583 935 genui,
599 860 737 934 protinus
752 859 828 919 iflud
843 876 922 922 amo.

178 944 237 1005 Cur
252 945 357 1020 igitur,
373 943 399 1003 si
414 959 463 1003 me
476 944 599 1003 videam
617 944 811 1024 delinquere,
827 959 962 1019 peccem,

76 1080 78 1084 ,
220 1028 258 1088 Et
272 1028 373 1104 potiar
384 1028 499 1102 scripto
515 1028 628 1086 crimen
645 1027 764 1100 inesse,
779 1033 894 1103 rogas‘t

132 1122 162 1174 15
175 1112 243 1171 Non
257 1112 365 1172 eadem
378 1111 456 1172 ratio
472 1117 531 1186 est,
548 1111 660 1170 sentire
676 1117 705 1170 et
720 1111 843 1170 demere
857 1111 995 1172 morbos.

222 1193 341 1256 Sensus
356 1195 437 1255 inest
451 1193 580 1268 cunetis
595 1195 708 1255 tollitur
722 1200 787 1254 arte
800 1194 923 1254 malum.

179 1276 281 1354 Saepe
296 1279 421 1352 aliquod
436 1278 562 1353 cupiens
577 1279 704 1338 verbum
718 1284 835 1338 mutare
849 1277 970 1354 reliqui,

220 1363 367 1422 Iudicium
380 1362 463 1422 vires
480 1361 708 1435 destituuntque
722 1377 831 1423 meum.

179 1444 279 1521 Saepe
293 1447 405 1521 piget...
422 1445 496 1520 quid
511 1445 591 1504 enim
606 1445 739 1505 dubitem
753 1445 807 1505 tibi
826 1460 901 1505 vere
915 1445 1054 1507 interit..

129 1540 164 1592 20
222 1529 392 1603 corrigere,
410 1536 441 1589 et
452 1530 535 1604 longi
550 1529 630 1589 ierne
646 1530 761 1589 laboris
778 1545 866 1590 onus.

179 1612 368 1673 Scribentem
389 1613 472 1672 iuvat
486 1613 554 1686 ipse
569 1613 657 1672 favor
670 1613 836 1688 minuitque
851 1610 998 1690 laborem,
1018 1677 1021 1681 ,

224 1696 359 1770 Cumque
374 1712 431 1755 suo
447 1711 592 1756 crescens
609 1702 734 1771 pectore
750 1697 848 1758 fervet
861 1712 951 1774 opus.

179 1778 338 1853 corrigere
353 1785 383 1838 et
398 1795 449 1839 res
465 1786 512 1838 est
526 1786 608 1840 tauto
624 1781 721 1855 magis
739 1780 850 1854 ardua,
869 1787 983 1856 quanto

220 1862 351 1938 Magnus
367 1863 545 1924 Aristarcho
560 1864 657 1924 maior
670 1864 822 1924 Homerus
840 1872 914 1924 erat

128 1955 161 2009 25
176 1946 260 2005 Haec
275 1946 406 2008 animum
421 1947 502 2006 lento
518 1963 660 2008 curarum
675 1948 786 2022 lrigore
800 1948 903 2022 laedit,

222 2029 322 2104 thue
338 2030 421 2089 avidi
437 2045 545 2091 cursus
561 2033 648 2090 irena
661 2037 790 2091 retentat
808 2031 890 2106 equi.

178 2113 281 2188 Atque
295 2113 336 2172 ita
351 2113 381 2173 di
396 2114 483 2175 mites
499 2114 634 2175 minuant
647 2115 721 2174 mihi
736 2115 875 2175 Caesaris
890 2115 976 2189 iram,

221 2195 362 2271 Ossaque
376 2204 486 2271 pacata
500 2205 606 2258 nostra
619 2204 757 2273 tegantur
770 2198 872 2273 humo,

177 2280 216 2341 Ut
229 2279 301 2338 mihi
317 2281 438 2339 conanti
452 2297 680 2355 nonnumquam
695 2281 852 2342 intendere
867 2296 958 2343 curas

129 2370 166 2424 30
220 2362 374 2423 Fortunae
390 2363 512 2440 speeies
529 2365 631 2426 obstat
645 2365 757 2425 acerba
771 2380 867 2438 meae,

177 2445 301 2519 Vixque
315 2445 388 2504 mihi
404 2447 524 2522 videor,
541 2448 651 2508 faciam
666 2450 750 2523 quod
766 2449 915 2525 carmina,
930 2464 1037 2525 sanus,

220 2530 317 2603 Inque
332 2529 405 2590 teris
422 2546 524 2591 curem
540 2530 693 2606 corrigere
706 2532 758 2592 illa
773 2531 873 2593 Getis!

176 2612 223 2672 Nil
238 2618 338 2672 tamen
357 2613 388 2672 in
403 2613 526 2689 scriptis
541 2616 638 2691 magis
653 2616 831 2676 excusabile
846 2615 971 2691 uostris,

221 2696 317 2770 Quam
332 2712 443 2758 seusus
460 2699 577 2760 cunctis
593 2714 692 2774 paene
707 2698 793 2773 quod
806 2715 886 2759 unus
900 2698 991 2760 inest

127 2788 161 2842 35
176 2781 271 2840 Laeta
285 2780 348 2840 lere
363 2782 462 2842 laetus
478 2781 584 2842 cecini.
618 2798 695 2842 cano
711 2782 809 2844 tristia
822 2782 927 2844 tristis.

220 2863 411 2925 Conveniens
427 2865 514 2940 operi
529 2873 648 2940 tempus
664 2872 827 2942 utrumque
841 2881 899 2927 suo
918 2871 976 2926 est.

176 2946 270 3020 Quid,
286 2947 345 3008 nisi
361 2948 400 3007 de
415 2949 488 3008 vitio
505 2949 637 3009 scribam
651 2949 788 3024 regionis
803 2963 934 3022 amarae,

219 3032 320 3105 thue
335 3031 402 3092 solo
417 3031 531 3092 moriar
545 3032 769 3108 commodiore,
785 3039 916 3107 preeert

177 3114 249 3174 cum
263 3114 375 3175 totiens
391 3117 499 3176 eadem
514 3116 628 3189 dicam,
644 3117 699 3175 vix
713 3116 822 3178 audior
835 3116 905 3178 ulli=

128 3204 162 3258 tu
216 3198 383 3274 Verbaque
396 3200 537 3275 proiectu
556 3199 747 3260 dissimulata
761 3207 874 3260 carent.
1033 3242 1036 3249 -

175 3280 213 3341 tlt
229 3286 331 3340 tamen
346 3282 423 3343 haec
438 3283 547 3342 eadem
563 3299 632 3342 cum
647 3283 721 3357 siut,
737 3299 800 3345 non
815 3280 977 3345 scribimus
991 3281 1085 3344 isdem

217 3364 348 3437 Unaque
362 3382 418 3441 per
432 3368 536 3442 plures
551 3382 614 3426 vox
629 3383 697 3428 mea
710 3373 836 3443 temptat
851 3381 953 3443 opem.

175 3448 240 3523 An,
257 3463 296 3506 ne
311 3446 357 3509 bis
376 3465 501 3510 sensum
516 3452 612 3512 lector
625 3450 773 3527 reperiret
787 3450 928 3527 eundern,
