2318 3960
98 215 155 279 let
486 215 545 277 EX
563 213 711 276 PONTO

177 371 273 431 Crede
288 377 399 431 umen.
429 383 488 428 neo
502 376 532 427 te
548 381 658 426 causas
673 365 793 425 nesaire
811 365 958 442 sinemus,

216 453 349 513 Horrida
364 451 564 512 Sarmaticum
579 465 633 509 our
646 464 729 508 mare
745 449 832 509 duret
845 448 955 511 hiems.

174 537 317 598 Proxima
330 542 401 596 sunt
416 535 506 595 nobis
520 533 648 608 plaustri
663 532 842 608 praebentia
857 534 989 597 smmum
1015 533 1018 536 ’

126 629 160 683 lo
214 621 252 681 Et
267 636 346 695 quae
360 618 558 695 praecipuum
573 616 675 677 sidera
689 615 786 691 frigus
802 616 925 679 habent

175 705 252 764 Hine
272 704 367 763 oritur
380 701 507 773 boreas,
524 715 658 775 oraeque
678 700 864 763 domesticus
878 701 954 764 huie
965 708 1022 777 est,

215 788 254 847 Et
267 787 359 847 sumit
373 785 454 846 vires
473 802 493 846 a
507 785 651 860 propiore
666 783 745 844 loeo.

174 872 215 930 At
229 878 337 942 notus,
353 870 485 929 adverso
501 868 624 944 tepidus
645 868 697 942 qui
715 868 814 942 spirat
830 867 868 929 ab
883 883 952 946 axe,

218 954 273 1014 Est
286 953 409 1029 procul,
425 960 456 1012 et
469 968 556 1012 rarus
576 951 810 1027 languidiorque
824 952 918 1015 veuit.

125 1044 160 1100 45
174 1037 267 1097 Adde
282 1038 365 1112 quod
381 1036 432 1096 hio
447 1039 552 1097 elauso
570 1036 738 1096 miscentur
754 1034 881 1096 flumina
892 1035 1001 1111 Ponto,

216 1122 349 1196 Vimque
363 1122 472 1181 fretum
486 1121 580 1180 multo
598 1119 701 1195 perdit
720 1119 758 1179 ab
774 1135 863 1180 amne
879 1137 979 1183 suam.

173 1204 239 1266 Huc
246 1205 358 1281 Lycus,
365 1204 425 1264 hue
433 1201 736 1279 SagarisPeniusque
743 1203 948 1281 Hypanisque
956 1205 1105 1281 cotesque

217 1287 320 1348 Induit
334 1295 364 1348 et
378 1286 486 1347 erebro
502 1288 615 1348 vertiee
628 1292 726 1346 tortus
740 1287 850 1365 Halps,

175 1371 416 1446 Partheniusque
431 1387 543 1446 rapax,
561 1376 591 1430 et
604 1371 734 1431 volvens
748 1386 827 1432 saxa
841 1371 987 1449 cynapes

125 1465 160 1517 50
214 1455 351 1530 Labitur,
370 1461 400 1514 et
413 1455 495 1514 nullo
513 1454 630 1515 tardior
647 1465 738 1514 amne
750 1455 865 1533 Tyras:
971 1494 974 1499 -

172 1539 211 1600 Et
227 1546 274 1613 tu,
293 1539 442 1598 femineae
454 1537 648 1598 Tbermodon
667 1538 789 1612 cognite
804 1546 934 1613 turmae,

214 1622 252 1681 Et
270 1621 425 1697 quondam
441 1620 539 1681 Graiis
552 1620 644 1682 Phasi
660 1621 752 1696 petite
771 1621 863 1682 viriet

175 1705 311 1780 cumque
328 1704 532 1783 Borysthenio
549 1703 770 1779 liquidissimus
786 1721 875 1770 amne
890 1706 1043 1783 Lyeastus
1083 1781 1087 1788 Ι

214 1789 253 1849 Et
266 1789 358 1849 tacite
374 1803 525 1864 peragens
543 1790 614 1848 lene
626 1787 799 1850 Melanthus
813 1790 885 1849 itera

127 1880 161 1932 55
176 1872 294 1948 Quique
310 1872 388 1932 duas
408 1878 522 1947 terras,
541 1872 649 1932 Asiam
667 1873 835 1948 Cadmique
849 1888 989 1935 sororem

217 1955 346 2032 Separat
360 1964 390 2017 et
409 1971 519 2016 aursus
534 1957 611 2016 inter
627 1964 787 2031 utramque
803 1957 890 2017 tacita

174 2040 388 2114 Innumerique
407 2040 472 2111 alii,
490 2055 571 2114 quos
587 2040 664 2098 inter
678 2040 829 2101 maximus
847 2055 956 2101 ornnes

216 2123 330 2184 cedere
344 2123 501 2183 Danubius
517 2138 552 2182 se
566 2122 635 2197 tibi,
649 2123 731 2199 Nile,
746 2131 847 2199 negat

175 2206 328 2281 coplata
342 2207 478 2279 laticum,
500 2222 577 2281 quas
593 2214 699 2281 auget,
717 2207 867 2270 adulterat
879 2208 990 2282 undas,

124 2297 158 2351 60
213 2291 276 2349 Neo
290 2289 402 2364 patitur
416 2289 499 2349 vires
517 2305 635 2363 aequor
648 2290 764 2351 hahere
778 2306 862 2351 suas.

174 2372 372 2446 Quinetiam,
390 2378 499 2446 stagno
517 2373 624 2434 similis
638 2375 806 2450 pigraeque
815 2374 937 2451 paludi,

216 2455 380 2516 Caeruleus
402 2455 454 2514 vix
468 2463 516 2515 est
530 2457 715 2532 diluiturque
735 2461 830 2518 color.

173 2540 290 2599 Innatat
302 2539 387 2598 unda
401 2539 477 2600 lreto
493 2540 608 2614 duleis,
624 2541 783 2616 leviorque
800 2542 918 2603 marina
933 2551 990 2617 est,

214 2622 299 2696 Quae
313 2623 471 2698 proprium
486 2624 580 2684 mixto
596 2624 635 2684 de
651 2625 717 2684 sale
730 2626 853 2701 pondus
867 2625 970 2688 habet.

124 2713 157 2768 65
172 2705 204 2766 Si
219 2713 307 2780 roget
320 2707 397 2765 haee
411 2706 523 2781 aliquis
539 2723 593 2766 our
606 2707 667 2769 sint
680 2715 802 2769 narrata
814 2708 941 2784 Pedoni,

214 2789 332 2862 Quidve
347 2790 432 2864 loqui
451 2791 542 2851 certis
560 2791 670 2852 iuverit
686 2793 747 2852 ista
760 2793 883 2853 modist

172 2872 307 2946 detinui,
328 2873 442 2948 dicam,
462 2881 582 2949 tempus
604 2891 756 2951 curasque
774 2876 877 2956 fefelli.

213 2956 302 3016 Hune
317 2957 447 3017 fructum
462 2974 613 3033 praeseus
628 2960 724 3019 attulit
738 2960 815 3021 hora
829 2959 913 3020 mihi.

171 3039 311 3099 Aluimus
327 3040 434 3113 solito,
451 3041 522 3102 dum
539 3043 699 3103 soribimus
714 3044 787 3118 ista,
809 3044 926 3117 dolore,

122 3129 156 3185 to
210 3124 244 3181 In
258 3123 367 3183 mediis
386 3140 445 3185 nee
460 3142 518 3186 nos
538 3127 691 3186 sensimus
706 3142 777 3188 esse
793 3127 887 3188 Getis.

169 3208 210 3264 At
223 3212 271 3281 tu,
288 3222 349 3266 non
365 3207 487 3282 dubito,
504 3225 573 3269 eum
587 3210 720 3270 carmine
733 3210 857 3271 Thesea
868 3211 986 3285 hadas,

208 3288 352 3349 Materiae
366 3292 469 3352 titulos
485 3293 558 3368 quin
572 3300 677 3354 tueare
689 3302 768 3367 tuae,

170 3372 326 3450 Quemque
340 3376 446 3448 refers,
467 3376 582 3437 imitere
596 3379 704 3439 virum.
735 3379 828 3438 Vetat
841 3377 892 3438 ille
905 3378 1044 3455 prolecto

206 3455 371 3531 Tranquilli
387 3460 526 3521 comitem
540 3461 687 3537 temporis
704 3477 775 3523 esse
788 3461 893 3522 fidem.
