2318 3960
437 244 479 321 ιι,
501 241 678 306 aaa-sav.

67 407 119 462 too
174 397 271 472 Inque
285 413 343 458 suo
359 403 466 456 noster
480 397 608 471 pulvere
623 404 724 457 currat
738 413 849 471 equus.

132 480 298 557 cornipedi
312 479 417 542 Fauno
433 495 527 539 caesa
541 479 681 539 demone
696 482 815 555 capella

170 564 264 625 Venit
278 564 318 623 ad
333 564 461 638 exiguas
475 563 565 624 turba
579 571 688 623 vocata
703 565 810 640 dapes.

132 650 275 724 Dumque
289 648 469 710 sacerdotes
486 646 610 708 veribus
624 654 761 709 transuta
778 649 906 724 salignis

172 733 253 792 Exta
266 738 390 808 parant,
406 731 524 793 medias
539 733 606 792 sole
621 739 743 792 tenente
759 734 833 806 vias,

38 827 47 849 ⁸
67 823 118 879 ³65
132 816 283 878 Romulus
298 823 330 876 et
343 817 435 876 irater
449 815 675 890 pastoralisque
690 818 832 878 iuventus

176 899 300 961 Solibus
316 907 346 960 et
360 915 469 975 campo
486 915 619 974 corpora
631 901 716 960 nuda
731 901 854 960 dabant.

133 984 295 1046 caestibus
311 990 342 1044 et
354 984 461 1044 iaculis
476 990 506 1043 et
520 982 616 1044 misso
633 985 770 1059 pondere
785 986 853 1044 saxi

160 1062 325 1128 'Bracchia
340 1070 496 1143 perinsus
512 1068 701 1143 experienda
716 1068 843 1129 dabant:

10 1153 31 1204 ·l
131 1151 242 1212 Pastor
255 1151 293 1212 ab
309 1153 434 1211 excelso
449 1151 520 1210 ‘Per
534 1152 625 1211 devia
638 1166 710 1211 rura
724 1153 873 1212 iuvencos

66 1248 119 1304 oto
173 1237 318 1311 Romule,
334 1237 523 1312 praedones,
539 1243 570 1295 et
581 1236 677 1295 Reme
685 1239 704 1292 ι’
720 1235 797 1296 dixit
810 1240 938 1311 ‘agunt’

130 1320 271 1394 Longum
286 1326 351 1379 erat
365 1321 484 1379 armari.
513 1320 644 1380 diversis
660 1321 723 1380 exit
737 1328 865 1394 uterque

174 1403 325 1464 Partibus.
356 1403 490 1464 occursu
504 1403 621 1478 praeda
632 1411 759 1478 recepta
772 1405 869 1467 Rem.

130 1488 171 1548 Ut
184 1487 288 1563 rediit,
303 1486 428 1547 veribus
443 1487 601 1548 stridentia
615 1487 746 1547 detrahit
760 1495 839 1560 exta,

173 1572 276 1645 Atque
291 1571 332 1632 ait
346 1572 442 1631 ‘Haeo
457 1579 540 1632 certe
554 1588 616 1632 non
632 1572 691 1631 nisi
705 1573 804 1633 victor
819 1572 911 1635 edet’

64 1664 116 1721 375
131 1655 222 1715 Dicta
235 1656 322 1730 iacit,
337 1654 485 1730 Fabiique
499 1655 598 1715 simul.
627 1655 720 1716 Venit
732 1657 841 1718 inritus
856 1659 927 1718 illuc

171 1739 337 1814 RomuluS,
352 1747 383 1800 et
397 1755 522 1799 mensas
538 1755 675 1813 ossaque
689 1741 773 1800 nuda
787 1741 880 1802 videt.

130 1823 224 1896 Risit,
240 1829 269 1883 et
284 1823 412 1882 indoluit
424 1823 538 1883 Fabios
554 1824 693 1898 potuisse
708 1825 901 1900 Remumque

174 1906 321 1982 Vincere,
338 1906 498 1981 Quintilios
514 1923 575 1966 non
591 1907 730 1980 potuisse
745 1923 830 1968 suos.

130 1990 226 2051 Fama
240 1998 341 2050 manet
355 1991 436 2051 laeti.
465 1990 568 2065 posito
584 1991 734 2049 velamine
749 2001 881 2063 currunt,

64 2078 118 2136 ³80
172 2074 212 2134 Et
224 2089 390 2133 memorem
405 2075 517 2134 lamam
533 2073 617 2148 quod
630 2074 710 2133 bene
725 2075 834 2147 cessit,
856 2075 958 2135 habet.

128 2157 271 2218 Forsitan
286 2166 316 2218 et
331 2173 481 2232 quaeras,
498 2174 553 2218 eur
568 2158 608 2218 sit
622 2158 709 2218 locus
724 2157 775 2217 ille
789 2159 950 2234 Lupercal,

172 2241 297 2315 Quaeve
313 2243 395 2301 diem
408 2241 460 2301 tali
476 2242 598 2301 nomine
618 2258 713 2302 causa
727 2250 819 2302 notet.

129 2324 226 2385 Silvia
240 2326 376 2386 Vestalis
392 2326 537 2385 caelestia
551 2327 669 2386 semina
684 2335 774 2402 partu

170 2409 331 2482 Ediderat,
349 2418 458 2485 patruo
473 2425 568 2485 regna
583 2417 706 2470 tenente
720 2427 788 2470 suo.

60 2495 114 2552 ³85
128 2494 160 2552 Is
176 2493 260 2553 iubet
273 2493 384 2553 auferri
401 2509 514 2568 parvos
532 2501 562 2554 et
575 2494 605 2552 in
622 2510 711 2555 amne
726 2497 839 2554 necari.

171 2577 252 2651 outo
266 2577 366 2638 iacisl
393 2593 433 2637 ex
448 2577 516 2638 istis
531 2579 681 2638 Romulus
696 2581 773 2638 alter
786 2579 857 2639 erit!

127 2660 220 2721 Iussa
234 2669 414 2722 recusantes
429 2668 579 2737 peragunt
592 2662 756 2722 lacrimosa
770 2663 909 2737 ministri,

22 2802 24 2807 ,
169 2743 258 2805 Fient
270 2753 385 2816 tamen,
404 2751 435 2806 et
448 2745 589 2820 geminos
604 2746 634 2804 in
649 2746 739 2805 loca'
732 2762 818 2805 iussa
833 2748 942 2807 lerunt

14 2811 27 2945 [
126 2828 254 2902 Albula,
273 2846 363 2905 quem
377 2791 507 2889 Tiberim
523 2845 644 2890 mersus
655 2829 837 2889 Tiberinus
830 2847 860 2888 ιιι
875 2830 967 2889 undis

58 2923 115 2980 ooo
171 2912 333 2986 Reddidit,
348 2912 514 2973 hibernisl
500 2915 578 2973 forte
592 2912 727 2973 tumebat
744 2914 843 2987 aquis.

125 2995 199 3071 Hic,
214 2996 266 3057 ubi
281 3013 361 3057 nuno
377 2998 444 3056 lora
459 3005 544 3072 sunt,
563 2998 667 3056 lintres
683 3012 787 3056 errare
801 2997 936 3070 videres,

169 3079 297 3154 Quaque
311 3081 413 3140 iacent
426 3083 538 3156 valles,
554 3081 686 3140 Maxime
699 3081 826 3156 Circe,t
814 3087 895 3140 t.uae

126 3163 194 3223 Huc
209 3163 261 3225 ubi
276 3172 473 3239 venerunt,...
489 3165 686 3240 nequeenim
701 3164 871 3240 procedere
887 3172 1020 3240 possunt

167 3247 335 3323 Longius„
350 3264 389 3307 ex
404 3250 464 3309 illis
479 3266 558 3310 unus
574 3256 604 3309 et
618 3250 694 3308 alter
709 3250 764 3308 ait:

57 3338 115 3394 ³95
131 3331 184 3392 ‘At
199 3348 290 3408 quam
308 3340 379 3392 sunt
393 3334 523 3393 similes!
552 3340 583 3392 at
599 3349 690 3408 quam
705 3335 862 3394 iormosus
879 3337 1024 3406 uterquet

166 3415 238 3477 Plus
253 3423 354 3476 tamen
371 3417 483 3476 exiliis
499 3417 556 3476 iste
571 3417 687 3491 vigoris
701 3417 803 3479 habet.

128 3497 160 3558 Si
176 3514 275 3574 genus
291 3499 427 3576 arguitur
439 3501 537 3576 voltu,
553 3500 613 3561 nisi
629 3500 704 3562 lallit
720 3501 832 3577 imago,

26 1852 34 1965 l

25 1968 34 2008 l
