2318 3960
397 227 683 306 rn,u1-o,a

158 380 220 442 Sed
237 383 262 442 si
280 380 349 458 quis
364 387 496 456 peteret,
513 380 564 455 qui
580 381 655 442 dare
670 382 775 458 vellet,
793 388 866 442 erut.

114 467 287 527 Dummodo
306 481 367 525 non
383 463 547 525 nobishoc
564 465 704 525 Caesaris
720 466 765 525 ira
779 466 905 541 negarit,

67 558 102 610 40
159 550 289 609 Fortiter
304 548 432 610 Euxinis
448 548 643 608 inmoriemur
658 549 757 623 aquis.

62 731 104 827 8.
161 767 359 829 maximo

118 850 208 955 Quae
221 884 290 960 tibi,
306 883 506 959 quaerebam,
522 899 686 943 memorem
700 884 844 945 testantia
859 900 962 946 curam

157 970 246 1028 Dona
261 968 439 1027 Tomitanus
455 967 572 1026 mittere
588 974 696 1042 posset
710 983 793 1042 ager.

113 1053 230 1127 Dignus
246 1068 280 1111 es
296 1058 439 1126 argento,
461 1051 545 1111 lulvo
561 1066 685 1125 quoque
700 1051 820 1125 dignior
835 1068 919 1112 auro.

155 1134 217 1195 Sed
236 1143 281 1209 te,
298 1151 366 1194 cum
381 1134 496 1209 donas,
512 1135 572 1194 ista
586 1135 692 1195 iuvare
706 1136 822 1194 solent:

85 1231 101 1281 5
116 1219 178 1278 Nec
191 1227 292 1279 tamen
308 1218 384 1277 haec
398 1219 468 1278 loca
483 1224 553 1277 sunl
565 1218 627 1277 ullo
643 1218 780 1293 pretiosa
794 1219 931 1278 metalloa

156 1302 263 1362 Hostis
279 1301 317 1362 ab
333 1301 468 1376 agricola
482 1302 534 1360 vix
550 1302 621 1360 sinit
634 1302 686 1361 illa
701 1301 774 1361 lodi.

114 1385 252 1461 Purpura
266 1401 362 1460 saepe
376 1392 447 1445 tuos
463 1385 583 1459 fulgens
598 1385 750 1460 praetexit
764 1385 903 1447 amictus.

157 1469 220 1530 Sed
235 1487 297 1529 non
313 1469 480 1529 Sarmatico
495 1469 618 1542 tingitur
633 1469 684 1528 illa
698 1470 784 1528 mari.

114 1553 239 1614 Vellera
261 1553 336 1612 dura
352 1552 451 1611 lerunt
464 1552 618 1626 pecudes,
636 1559 666 1612 et
678 1552 812 1613 Palladis
827 1553 870 1613 uti

64 1653 99 1706 10
153 1637 229 1696 Arte
245 1636 421 1696 Tomitanae
435 1651 498 1694 non
514 1635 648 1695 didicere
663 1653 768 1696 nurus.

113 1721 239 1779 Femina
256 1735 312 1794 pro
330 1720 401 1779 lana
416 1719 544 1779 Cerialia
559 1735 686 1779 munera
701 1720 821 1796 frangit,

152 1803 387 1879 Suppositoque
401 1817 527 1876 gravem
541 1804 654 1862 vertice
668 1809 770 1877 portat
784 1821 905 1880 aquam.

112 1887 181 1946 Non
195 1887 245 1945 hic
261 1885 436 1962 pampineis
452 1886 590 1945 amicitur
602 1887 715 1947 vitibus
729 1888 840 1963 ulmus,

154 1970 241 2030 Nulla
257 1975 398 2044 premunt
411 1984 515 2028 ramos
530 1969 669 2044 pondere
683 1986 777 2044 poma
794 1986 860 2034 suo.

64 2065 96 2116 15
111 2053 221 2112 Tristia
236 2052 392 2113 deformes
408 2052 529 2127 pariunt
544 2053 696 2114 absinthia
712 2054 821 2129 campi,

157 2139 311 2211 Terraque
326 2137 365 2195 de
380 2137 477 2195 fructu
496 2153 586 2210 quam
605 2137 644 2199 sit
658 2153 775 2213 amara,
792 2138 891 2200 docet.

113 2221 160 2279 Nil
174 2221 265 2294 igitur
278 2226 344 2280 tota
356 2219 443 2281 Ponti
458 2221 584 2294 regione
598 2220 722 2295 sinistri,

158 2304 246 2376 Quod
261 2319 328 2364 mea
339 2303 492 2363 'sedulitas
506 2304 624 2363 mittere
638 2311 760 2379 posset,
777 2312 851 2365 erat.

115 2388 226 2448 Clausa
240 2394 339 2447 tamen
354 2386 423 2446 misi
440 2386 587 2463 Scythica
604 2387 658 2446 tibi
674 2389 736 2448 tela
750 2388 908 2462 pharetra:

56 2480 92 2531 20
143 2471 244 2532 *Hoste
259 2485 370 2546 precor
384 2471 459 2530 fiant
476 2470 527 2530 illa
542 2478 667 2531 cruenta
679 2478 742 2532 tuo.

114 2555 179 2616 Hos
195 2553 287 2614 habet
300 2554 378 2613 haec
393 2555 544 2629 calamos,
566 2553 625 2614 hos
643 2554 720 2615 haec
735 2555 829 2616 habel
844 2572 899 2617 ora
912 2556 1041 2618 libellos.

153 2639 237 2699 Haec
250 2639 333 2712 viget
346 2638 377 2696 in
392 2637 521 2712 nostris,
537 2638 678 2710 Maxime,
694 2639 783 2699 Musa
796 2640 890 2700 locist

113 2722 197 2796 Quae
212 2737 397 2796 quamquam
414 2720 537 2781 misisse
551 2721 660 2796 pudet,
678 2722 748 2797 quia
762 2739 859 2796 parva
872 2725 1022 2800 videntur,

153 2807 197 2865 Tu
211 2810 311 2864 tamen
327 2805 418 2880 haec,
436 2821 567 2880 quaeso,
584 2804 711 2865 consule
725 2805 821 2866 missa
834 2806 917 2868 boni.

437 2949 634 2959 -—.-.--

55 2988 99 3080 9.
150 3020 314 3083 sauro

117 3103 211 3208 Quod
227 3142 267 3203 sit
280 3143 310 3201 in
325 3143 373 3203 his
389 3143 498 3203 eadem
512 3144 676 3216 sententia,
692 3143 799 3219 Brute,
815 3143 934 3221 libellis,

154 3224 294 3285 Carmina
308 3227 414 3288 nescio
430 3242 521 3302 quem
536 3242 662 3303 carpere
676 3234 781 3288 nostra
794 3228 908 3288 refersz

111 3308 159 3367 Nil
173 3308 233 3370 nisi
247 3325 296 3369 me
309 3317 390 3370 terra
405 3311 489 3370 fruar
502 3317 535 3371 ut
550 3312 696 3387 propiore
710 3326 829 3388 rogare,

153 3391 193 3451 Et
208 3409 299 3468 quam
314 3395 371 3456 sim
386 3394 484 3456 denso
501 3395 616 3456 cinctus
632 3395 670 3455 ab
685 3395 791 3473 hoste,
807 3394 900 3472 loqui.

81 3482 99 3533 5
114 3473 154 3535 0!
171 3491 265 3551 quam
278 3477 317 3538 de
330 3479 431 3541 multis
445 3478 549 3540 vitium
568 3479 799 3557 reprehenditur
813 3487 920 3543 unum!
