2318 3960
406 196 448 268 11,
471 193 505 269 l,
528 194 648 270 tte—e,
667 196 720 258 69.

90 359 128 414 ³⁰
179 349 243 412 Sed
256 365 317 411 non
332 364 389 425 per
402 349 542 424 placidus
557 349 580 410 it
592 365 662 411 mea
675 352 789 428 puppis
804 369 912 429 aquas.

135 435 213 496 Tuta
227 439 334 510 petant
347 432 407 494 atii.
437 431 573 495 Fortuna
586 435 756 496 miserrima
770 443 836 497 tuta
847 446 911 498 estc

90 525 127 578 32
179 517 255 579 Nam
268 516 359 578 timor
367 523 500 577 ,eventus
514 516 675 579 deterioris
690 518 787 580 abest.

91 608 127 662 35
140 601 197 676 Qui
211 601 328 677 rapitur
341 606 503 675 spumante
518 601 595 673 salo,
618 619 678 663 sua
691 603 817 664 brachia
831 603 911 664 cauti

176 684 314 760 Porrigit,
337 690 368 743 et
380 682 490 758 spinas
504 683 645 759 duraque
658 701 737 746 saxa
751 687 843 761 capit

135 768 322 844 Accipitrem
336 774 477 828 metuens
492 767 603 842 pennis
616 768 839 845 trepidantibus
853 770 919 831 ales

175 853 279 913 Audet
291 850 332 910 ad
347 850 499 911 humanos
514 851 600 912 iesse
614 851 720 912 venire
736 852 833 914 sinus.

135 935 197 996 Nec
212 950 248 996 ee
261 934 363 995 vicino
377 933 494 994 dubitat
508 936 696 996 committere
710 942 801 1011 tecto,

91 1029 128 1082 to
180 1020 264 1094 Quae
279 1017 355 1094 rugit
368 1017 498 1079 infestos
512 1019 616 1079 territa
628 1035 723 1081 cerva
737 1035 839 1082 canes.

135 1104 190 1178 Da,
214 1117 335 1179 precor,
354 1117 517 1162 accessum
533 1104 676 1176 lacrimis,
698 1103 866 1178 mitissime,
887 1103 1014 1164 nostrisa

176 1187 239 1247 Nec
254 1186 384 1261 rigidam
397 1184 512 1246 timidis
527 1187 656 1248 vocibus
671 1186 753 1248 obde
767 1188 879 1248 torenna

135 1270 302 1345 Verbaque
315 1275 422 1330 nostra
436 1270 545 1331 favens
559 1271 698 1331 Romana
712 1271 753 1331 ad
769 1272 893 1332 numina
905 1269 1017 1345 perier,

178 1355 246 1415 Non
260 1352 313 1414 tibi
327 1352 457 1429 Tarpeio
472 1357 554 1414 culta
567 1354 703 1416 Tonante
718 1355 828 1418 nunna

93 1437 338 1512 aemendatione
351 1437 411 1497 mei
424 1440 545 1512 legatus
558 1439 685 1514 suscipe
699 1454 840 1500 causamc

178 1520 267 1582 Nulla
280 1537 350 1583 meo
364 1522 507 1596 qmmvie
521 1523 644 1584 nomine
658 1538 754 1584 causa
766 1523 849 1585 bona
863 1527 920 1582 oct.

137 1606 201 1665 iam
215 1619 313 1681 propo
326 1605 498 1680 depositus,
521 1614 603 1667 certe
617 1607 677 1666 ium
692 1607 821 1682 frigidus
835 1620 936 1681 aeger,

179 1687 326 1749 Servatus
341 1704 399 1764 per
411 1695 451 1764 te,
472 1690 607 1752 simodo
624 1706 741 1763 servor,
765 1705 829 1750 ero.

140 1773 225 1833 Nunc
238 1779 292 1833 tuo
305 1786 363 1846 pro
378 1773 471 1833 lassis
487 1774 599 1835 nitatur
613 1776 711 1850 gratIa
725 1774 827 1847 rebus,

93 1866 131 1918 50
181 1855 330 1932 Principis
344 1857 459 1917 oeterni
472 1872 565 1932 quum
578 1858 632 1918 tibi
646 1864 783 1934 praestat
796 1872 891 1918 amor.

137 1939 224 2000 Nunc
239 1937 292 2000 tibi
304 1946 337 2000 et
349 1940 464 2014 eloquii
478 1941 559 2001 nitor
571 1943 621 2002 iile
636 1941 824 2003 domesticus
837 1940 928 2016 adsit,

162 2047 168 2064 ·
182 2024 248 2098 Quo
265 2030 391 2100 poteras
403 2025 533 2100 trepidis
546 2026 628 2087 utilis
644 2041 716 2087 esse
730 2025 802 2086 reis.

141 2107 224 2167 Vivit
236 2107 317 2168 enirn
330 2109 362 2167 in
375 2108 466 2168 vobis
481 2110 603 2170 iocundi
621 2110 723 2185 lingua
737 2106 883 2183 parentis,

181 2191 219 2251 Et
232 2207 283 2252 res
297 2191 443 2252 heredem
457 2194 593 2269 repperit
606 2194 658 2254 ilia
672 2208 771 2253 suum.

96 2287 131 2340 55
142 2274 229 2335 Hanc
242 2291 311 2350 ego,
335 2290 396 2336 non
410 2283 445 2336 ut
458 2292 507 2336 me
522 2277 689 2337 defendere
702 2281 837 2351 temptet,
857 2275 969 2337 odoror

183 2358 250 2418 Non
267 2364 315 2418 est
329 2359 465 2420 confessi
480 2376 576 2422 causa
589 2361 704 2421 tuenda
717 2361 771 2419 rei.
861 2416 863 2421 ,

139 2442 218 2501 Num
232 2449 333 2502 umen
347 2458 480 2504 excuses
495 2444 608 2505 erroris
624 2444 742 2519 origine
756 2444 878 2515 iactum,

182 2526 231 2585 An
246 2525 320 2585 nihil
335 2527 481 2602 expediat
494 2529 554 2588 tale
568 2542 703 2600 movere,
725 2527 806 2587 vide.

141 2609 288 2670 Vulneris
302 2609 335 2669 id
349 2624 447 2684 genus
462 2617 518 2683 est,
540 2611 625 2685 quod
640 2627 709 2672 cnm
723 2609 862 2670 sanabile
876 2624 938 2669 non
956 2610 1005 2682 sit,

96 2702 133 2756 60
183 2692 250 2753 Non
266 2693 447 2754 contrectari
461 2695 553 2755 tutius
568 2710 640 2755 esse
654 2700 739 2770 puto.

139 2775 265 2850 Lingua,
286 2776 353 2838 sile.
387 2791 447 2837 non
463 2784 512 2838 est
526 2779 605 2838 uitro
619 2774 772 2838 narrabile
786 2775 959 2850 quicquam.

180 2858 277 2920 Posse
290 2861 382 2920 veiim
397 2861 517 2922 cineres
532 2861 662 2922 obruere
677 2861 745 2936 ipse
759 2872 855 2919 meos.

141 2940 304 3018 sicigitur,
328 2944 417 3019 quasi
432 2959 480 3004 me
498 2946 599 3007 nudus
615 2944 771 3019 deceperit
785 2956 880 3015 error,

181 3026 286 3088 Verba
303 3027 379 3102 iace,
400 3035 435 3088 ut
448 3028 519 3103 vita,
540 3044 632 3102 quom
647 3027 732 3088 dedit
745 3027 823 3102 ipse,
847 3025 940 3085 fruar.

94 3118 130 3173 65
143 3109 279 3184 cumque
293 3125 422 3171 serenus
437 3111 502 3183 erit,
524 3113 691 3185 vultusque
704 3107 854 3170 remiserit
867 3107 946 3181 iilos,

178 3192 234 3267 Qui
249 3209 354 3255 secum
367 3201 466 3255 terras
481 3195 701 3270 imperiumque
715 3199 854 3254 movente

140 3277 288 3353 Exiguam
301 3293 341 3339 uc
354 3294 405 3339 me
419 3278 564 3354 praedam
579 3279 660 3339 sinat
673 3292 745 3338 csse
759 3275 909 3349 Getarum,

179 3362 298 3436 Detque
311 3361 411 3423 solum
424 3362 558 3424 miserae
570 3361 650 3433 mite,
672 3375 808 3437 procare,
827 3359 929 3434 tusae.

138 3445 272 3513 Tempus
287 3444 377 3506 adest
390 3451 492 3521 aptum
509 3445 662 3518 precibus.
693 3445 774 3506 valet
788 3444 857 3517 ipsc
870 3441 1014 3517 ridetque
