2318 3960
467 200 507 271 Π,
531 198 707 264 toa-oct.

91 357 145 414 530
199 350 337 425 Parsque
351 352 392 410 tui
407 350 546 427 generis,
561 367 635 426 pars
652 359 703 414 tua
717 355 798 414 lacta
813 361 934 418 canunt

160 434 267 494 lnvida
281 449 329 493 me
345 433 446 508 spatio
463 439 572 494 natura
593 439 727 498 coercuit
740 445 816 513 arto,

200 516 325 591 Ingenio
341 517 423 577 vires
439 516 632 593 exiguasque
646 518 739 579 dedit.

158 600 195 661 lit
209 608 310 661 tamen
325 601 375 660 ille
390 608 460 662 tuac
475 600 548 660 lelix
561 602 720 664 Aeneidos
737 611 844 664 auctor

200 683 330 744 Contulit
343 684 373 742 in
388 684 497 760 Tyrios
513 700 597 745 arma
611 685 770 760 virumque
783 693 878 758 toros,

91 774 145 828 535
159 767 223 828 Nec
236 769 346 843 legitur
360 784 435 842 pars
450 767 513 828 ulla
526 767 625 842 magis
641 769 680 829 de
695 785 825 846 corpore
839 778 912 843 toto,

201 849 296 923 Quam
310 866 373 911 non
388 850 520 926 legitimo
536 851 662 913 loedere
678 853 800 914 iunctus
816 869 911 915 amor.

157 933 306 1012 Phyllidis
317 935 368 993 hic
382 934 463 996 idem
476 940 661 1009 teneraeque
675 936 875 1012 Amaryllidis
892 935 981 1011 ignes

197 1017 352 1078 Bucolicis
367 1017 487 1078 iuvenis
502 1020 618 1079 luserat
633 1026 703 1080 ante
713 1019 824 1081 modis.

157 1102 222 1162 Nos
238 1116 361 1176 quoque
376 1100 436 1161 iam
450 1101 568 1175 pridem
584 1102 697 1177 scripto
713 1101 909 1178 peccavimus
924 1102 998 1164 istor

90 1187 145 1241 540
202 1183 391 1260 Supplicium
408 1185 520 1259 patitur
534 1202 595 1247 non
611 1202 692 1246 nova
707 1187 798 1262 culpa
813 1202 941 1246 novum=

160 1268 361 1342 carminaque
379 1267 550 1344 edideram,
566 1284 634 1328 cunr
651 1277 679 1329 te
695 1269 806 1330 delicta
820 1275 975 1329 notantem

200 1350 358 1411 Praeteriit
372 1350 484 1413 totiens
499 1352 687 1427 inrequietus
703 1368 811 1426 eques.

159 1436 239 1509 Ergo
257 1449 337 1509 quae
351 1434 453 1495 iuveni
468 1434 540 1494 mihi
555 1452 616 1496 non
633 1436 771 1498 nocitura
786 1436 890 1510 putavi

202 1518 324 1593 Scripta
338 1534 447 1593 parum
462 1519 614 1593 prudens,
630 1535 711 1579 nunc
726 1535 860 1579 nocuere
881 1518 957 1578 seni.

89 1613 143 1668 515
160 1603 237 1664 Sera
249 1601 434 1662 redundavit
447 1601 562 1661 veteris
581 1603 715 1662 vindicta
730 1602 831 1677 libelli,

196 1684 295 1747 Distat
310 1688 340 1744 et
353 1701 372 1746 a
385 1684 482 1744 meriti
497 1690 634 1760 tempore
648 1700 750 1761 poena
765 1686 821 1748 sui.

156 1770 200 1829 Ne
214 1775 315 1830 tamen
331 1782 421 1828 omne
435 1783 534 1827 meum
551 1768 661 1829 credas
684 1786 763 1845 opus
785 1784 858 1830 esse
872 1769 1045 1844 remissum,

200 1852 302 1928 Saepe
317 1850 389 1911 dedi
404 1856 528 1912 nostrae
542 1852 670 1926 grandia
685 1854 755 1912 vela
767 1852 834 1913 rati.

159 1937 221 1998 Sex
236 1951 294 2010 ego
307 1935 470 1995 Fastorum
487 1934 600 2010 scripsi
615 1935 801 2009 totidemque
817 1934 946 2008 libellos,

90 2032 144 2085 550
200 2021 336 2092 Cumque
351 2033 409 2078 suo
425 2017 516 2077 finem
533 2033 638 2078 mense
655 2021 797 2078 volumen
812 2017 919 2078 habet:

156 2104 254 2178 quue
269 2108 321 2163 tuo
337 2117 435 2176 nuper
450 2101 596 2176 scriptum
614 2101 671 2162 sub
686 2101 823 2176 nomine,
841 2101 962 2174 Caesar,

199 2186 237 2246 Et
249 2185 303 2245 tibi
320 2189 473 2258 sacratum
486 2200 557 2246 sors
572 2200 641 2245 mea
655 2185 735 2260 rupit
749 2201 837 2260 opus

157 2271 195 2330 Et
210 2269 351 2329 dedimus
366 2268 490 2344 tragicis
506 2268 653 2343 scriptum
667 2270 770 2343 regale
785 2268 950 2341 cothurnis,

200 2353 346 2428 Quaeque
360 2351 463 2426 gravis
480 2351 570 2411 debet
585 2351 679 2412 verba
693 2352 859 2412 cothurnus
874 2351 974 2412 habet.

90 2448 143 2500 555
158 2438 306 2511 utcmque
318 2444 388 2496 sunt
403 2435 509 2508 nobis,
527 2436 667 2510 quamvis
683 2451 792 2494 manus
808 2435 912 2495 ultima
927 2440 1034 2509 coepto

200 2521 315 2592 Defuit,
331 2520 362 2579 in
378 2520 473 2578 iacies
489 2534 621 2594 corpora
635 2534 729 2578 versa
743 2533 851 2579 novas.

158 2608 260 2679 Atque
274 2609 388 2663 utinam
402 2616 532 2663 revoces
548 2602 681 2663 animum
696 2602 855 2676 paulisper
870 2603 908 2662 ab
924 2603 977 2676 ira,

197 2688 238 2747 'Et
251 2703 351 2747 vacuo
367 2685 474 2746 iubeas
489 2685 560 2745 hinc
573 2685 627 2745 tibi
643 2699 743 2760 pauca
757 2684 825 2758 legi,

157 2772 274 2845 Pauca,
294 2770 406 2845 quibus
423 2769 519 2844 prima
532 2784 662 2844 surgens
678 2766 716 2827 ab
735 2767 851 2842 origine
865 2767 977 2840 mundi,

88 2861 142 2914 550
197 2855 231 2913 111
246 2861 298 2914 tua
313 2852 426 2914 deduxi
438 2860 590 2928 tempora,
608 2854 737 2926 Caesar,
755 2866 849 2926 opus:

157 2938 319 3013 AspicieS,
337 2943 481 3013 quantum
497 2937 620 2999 dederis
636 2934 708 2995 mihi
723 2933 859 3009 pectoris
874 2934 951 3008 ipse,

199 3020 328 3095 Quoque
345 3022 453 3082 lavore
467 3019 558 3080 animi
573 3026 663 3096 teque
679 3026 812 3091 tuosque
828 3032 944 3076 canam.

157 3105 224 3165 Non
242 3120 299 3180 ego
316 3104 451 3165 mordaci
467 3103 616 3164 destrinxi
632 3101 765 3164 carmine
781 3115 974 3176 quemquam,

200 3188 364 3249 Neomeus
380 3188 471 3248 ullius
488 3187 613 3248 crimina
630 3202 742 3245 versus
757 3183 858 3244 habet.

94 3277 143 3332 565
159 3271 315 3332 Candidus
331 3290 350 3333 a
364 3271 480 3333 salibus
498 3269 627 3332 suffusis
642 3269 712 3329 lelle
726 3267 841 3344 refugi:

200 3355 289 3415 Nulla
305 3361 453 3416 venenato
469 3355 567 3415 littera
582 3353 677 3415 mixta
692 3353 761 3416 ioco
778 3358 834 3413 est.

159 3440 241 3499 Inter
256 3445 300 3500 tot
318 3438 438 3516 populi,
457 3446 501 3499 tot
516 3437 656 3514 scriptis,
672 3438 754 3498 milia
768 3437 874 3506 nostri,

839 3525 857 3581 3
864 3519 879 3554 1
