2318 3960
407 211 443 287 ll,
466 209 643 276 sto-415.

142 362 257 432 Narrat,
279 362 310 421 in
326 361 460 425 obsceno
478 379 608 440 corpora
622 381 735 439 prensa
749 373 838 426 torol

105 445 203 518 Unde,
226 445 285 504 nisi
300 445 412 507 indicio
428 448 529 522 magni
545 447 694 512 sciremus
710 449 843 524 Homeri,

57 539 94 592 80
146 528 284 604 Hospitis
300 528 370 604 igne
386 532 462 591 duas
478 531 642 592 incaluisse
658 532 755 591 deast

104 612 200 672 Omne
211 627 308 687 genus
323 614 427 690 scripti
441 613 588 689 gravitate
603 615 763 689 tragoedia
776 616 882 676 vincit:

140 689 230 756 Haec
246 712 371 772 quoque
385 697 541 758 materiam
555 713 678 772 semper
693 698 805 758 amoris
820 698 919 758 habet.

104 779 179 839 Nam
188 779 472 860 quidinHippolyto
481 788 536 856 est,
549 782 608 842 nisi
617 796 727 842 caecae
736 780 1035 842 ssammanovercael

145 863 261 923 Nobilis
277 870 324 924 est
339 865 457 926 Canace
472 864 572 926 fratris
588 881 692 926 amore
706 866 764 926 sui.

58 955 93 1009 85
106 946 204 1022 Quid?
226 962 287 1007 000
302 948 489 1021 Tantalides,
513 949 644 1023 agitante
660 949 807 1025 Cupidine
823 965 937 1024 currus,

140 1029 278 1089 Pisaeam
292 1030 432 1107 Phrygiis
448 1033 532 1092 vexit
546 1034 680 1093 eburnus
696 1034 805 1107 equist

105 1114 266 1188 Tingueret
279 1121 311 1175 ut
326 1116 435 1175 lerrum
450 1122 588 1176 natorum
604 1116 752 1191 sanguine
766 1122 868 1190 mater,

147 1197 288 1258 Concilus
305 1214 326 1258 a·
337 1199 421 1259 laeso
438 1200 508 1260 lecit
522 1215 626 1260 amore
641 1200 739 1260 dolor.

104 1281 187 1343 Fecit
201 1296 286 1342 amor
301 1281 417 1343 subitas
433 1285 574 1346 volucres
593 1298 660 1343 cum
675 1283 773 1358 pelice
786 1297 889 1358 regem

57 1370 94 1425 00
149 1364 292 1441 Quaeque
307 1382 395 1427 suum
410 1367 494 1442 luget
507 1382 587 1427 nunc
604 1381 727 1441 quoque
741 1374 838 1426 mater
852 1367 929 1444 Ityn.

107 1448 138 1508 Si
154 1463 215 1508 non
230 1452 375 1525 Aeropen
390 1450 483 1512 lrater
498 1451 664 1512 sceleratus
681 1456 823 1521 amasset,

144 1533 282 1592 Aversos
297 1533 378 1593 Solis
395 1551 456 1597 non
471 1536 641 1610 legeremus
657 1548 766 1608 equos.
808 1589 814 1597 .

103 1615 198 1691 lmpia
213 1631 270 1675 nec
284 1617 416 1692 tragicos
430 1618 580 1693 tetigisset
595 1617 698 1693 Scylla
713 1616 888 1687 cothurnos,

142 1699 178 1758 Ni
193 1701 322 1774 patrium
337 1701 449 1760 crinem
465 1702 657 1762 desecuisset
670 1716 763 1761 01000.

57 1789 94 1845 05
107 1781 162 1856 Qui
177 1783 254 1858 legis
269 1784 409 1844 Electran
425 1793 454 1845 el
469 1792 608 1860 egentem
622 1785 731 1845 mentis
747 1782 882 1854 Oresten,

147 1865 285 1941 Aegisthi
300 1868 412 1929 crimen
427 1869 683 1947 Tyndaridosque
697 1867 785 1942 legis.

107 1950 182 2009 Nam
202 1951 273 2025 quid
290 1952 329 2010 de
342 1953 448 2013 tetrico
464 1953 594 2012 releram
610 1952 759 2011 domitore
775 1948 959 2021 chimaerae,

146 2033 238 2107 Quem
254 2034 314 2095 leto
329 2036 423 2095 lallax
438 2037 559 2112 hospita
574 2049 673 2111 paene
688 2034 791 2093 dedita

109 2117 187 2191 Quid
202 2118 311 2193 loquar
325 2117 517 2193 Hermionen,
541 2119 615 2194 quid
629 2124 668 2191 te,
692 2114 864 2178 Schoeneia
876 2114 973 2189 virgo,

57 2211 96 2263 00
147 2201 257 2276 Teque,
279 2201 448 2278 Mycenaeo
464 2202 604 2264 Phoebas
620 2208 719 2262 amata
734 2199 826 2262 ducit

108 2284 184 2358 Quid
200 2284 325 2345 Danaen
338 2286 524 2361 Danaesque
538 2302 645 2347 nurum
660 2291 847 2359 matremque
861 2280 957 2360 Lyaei

144 2368 363 2444 Haemonaque
379 2377 408 2432 et
422 2377 537 2445 noctes,
561 2384 640 2445 quae
656 2369 765 2443 coiere,
789 2367 886 2426 duast

105 2451 184 2524 Quid
197 2467 342 2526 generum
355 2453 465 2527 Peliae,
491 2454 565 2529 quid
579 2453 712 2528 Thesea,
737 2450 852 2526 quidve
866 2448 1035 2525 Pelasgum,

148 2535 270 2596 Iliacam
284 2538 380 2612 tetigit
396 2538 446 2613 qui
461 2543 526 2598 rate
541 2537 657 2613 primus
671 2536 819 2596 humumt

57 2627 94 2680 05
107 2617 173 2678 Huc
188 2619 251 2680 1010
264 2619 433 2697 Pyrrhique
449 2637 570 2697 parens,
593 2621 653 2680 huc
666 2617 806 2678 Herculis
821 2633 909 2692 uxor,

145 2702 211 2762 Huc
226 2705 352 2764 accedat
365 2705 461 2781 Hylas
475 2705 649 2779 Iliadesque
665 2717 749 2777 puer.

106 2787 255 2862 Tempore
271 2787 403 2863 deliciar,
424 2787 557 2863 tragicos
573 2787 599 2847 si
614 2799 784 2862 persequar
799 2784 895 2858 ignes,

141 2870 263 2945 Vixque
279 2887 366 2931 meus
382 2871 483 2947 capiat
497 2871 621 2931 nomina
635 2870 717 2930 nuda
732 2867 816 2927 liber.

102 2953 159 3014 Est
172 2960 202 3014 et
215 2954 246 3014 10
263 2954 416 3015 obscenos
432 2955 554 3016 deflexa
569 2952 727 3028 tragoedia
741 2951 831 3020 risus

57 3045 96 3096 lo
147 3037 301 3114 Multaque
317 3040 467 3113 praeteriti
484 3038 577 3099 verba
591 3036 718 3113 pudoris
733 3032 832 3092 habet.

106 3120 169 3180 Nec
183 3128 274 3182 nocet
287 3124 411 3195 auctori,
434 3123 556 3183 mollem
572 3121 623 3196 qui
638 3119 709 3179 lecit
722 3116 881 3189 Achillem,

147 3205 312 3281 lnlregisse
328 3206 392 3266 suis
408 3206 496 3266 fortia
512 3207 590 3264 lacta
604 3203 713 3264 modis.

103 3287 204 3349 Iunxit
217 3289 377 3362 Aristides,
400 3289 519 3349 Milesia
533 3287 667 3358 crimina,
688 3299 804 3357 sexum,

143 3370 252 3432 Pulsus
266 3373 417 3433 Aristides
432 3388 489 3433 nec
503 3378 602 3432 tanton
616 3368 692 3430 urbe
707 3383 771 3428 sua.

57 3466 96 3518 uo
107 3455 170 3516 Nec
187 3457 240 3536 qui
255 3456 418 3534 descripsit
433 3455 585 3532 corrumpi
601 3452 717 3515 semina
733 3455 869 3517 0001000,
