2318 3960
415 207 471 284 111,
493 205 668 270 trs-tea.

117 361 220 438 thue
234 359 321 435 piger
336 357 429 434 pandi
445 365 530 433 tergo
545 359 701 421 residebat
715 360 812 434 aselli,

64 457 101 508 00
157 445 302 520 Applicat
316 442 396 502 inune
412 440 493 501 ulmo
509 442 736 520 corticibusque
752 444 845 505 cavis.

119 527 257 588 Constitit
271 526 339 602 ipse
354 539 449 599 super
460 539 586 588 ramoso
603 527 705 603 stipite
719 528 818 602 nixus,

157 612 261 686 Atque
276 609 368 669 avide
382 615 490 669 trunco
506 609 630 670 condita
643 612 734 670 mella
748 611 831 688 petit.

116 695 200 754 Milia
214 693 397 754 crabronum
419 698 544 766 coeunt,
568 699 597 754 et
613 693 726 754 verlice
739 694 823 755 nudo

157 776 283 854 Spicula
298 777 448 850 deligunt,
472 791 588 852 oraque
603 777 681 838 sima
695 785 808 839 neunt.

64 873 99 925 55
115 863 170 923 lile
186 861 267 921 cadit
281 874 441 936 praeceps,
465 867 496 920 et
511 861 595 921 calce
611 861 715 922 teritur
729 862 826 935 aselli,

156 945 363 1019 inclamatque
377 958 468 1014 suos,
492 943 701 1020 auxiliumque
714 952 812 1021 rogat.

117 1029 306 1089 Concurrunt
320 1027 426 1103 satyri,
449 1028 662 1103 turgentiaque
679 1043 734 1088 ora
749 1028 884 1103 parentis

157 1110 277 1172 Rident.
305 1125 457 1186 percusso
472 1110 624 1171 claudicat
638 1111 689 1170 ilie
704 1125 810 1185 genu·

117 1195 206 1256 Ridet
220 1202 251 1255 et
264 1194 332 1269 ipse
343 1193 431 1264 deus,
455 1193 621 1268 limumque
635 1194 781 1255 inducere
795 1201 952 1256 monstrat.

62 1291 97 1345 60
154 1279 211 1338 Hic
225 1283 313 1352 paret
326 1277 465 1348 monitis,
489 1283 518 1336 et
531 1277 596 1336 linit
611 1292 665 1337 ora
679 1278 753 1337 luto.

115 1363 206 1421 Melie
222 1369 307 1436 pater
322 1361 437 1421 fruitur.
467 1359 593 1437 liboque
608 1361 708 1422 inlusa
723 1362 832 1421 calenti

155 1446 224 1505 iure
238 1444 387 1519 repertori
402 1444 535 1504 candida
549 1446 639 1505 mella
654 1445 771 1506 danus.

115 1529 240 1589 Femina
254 1543 308 1588 eur
321 1534 456 1603 presset,
480 1544 542 1588 non
557 1535 606 1588 est
618 1528 744 1590 rationis
760 1536 895 1607 opertae.

155 1612 317 1672 Femineas
331 1611 440 1688 thyrso
456 1612 588 1672 eoncitat
601 1612 651 1672 iile
667 1612 789 1672 cheros.

64 1709 99 1763 00
117 1697 266 1758 Caranus
281 1695 341 1756 hoc
356 1694 462 1767 faeiat,
485 1696 630 1772 quaerisl
649 1696 789 1757 vinosior
803 1701 889 1755 aetas

154 1780 238 1840 ilaec
256 1785 334 1853 erat,
356 1784 385 1838 et
400 1778 547 1853 gravidae
562 1795 688 1840 munera
702 1780 773 1840 vitis
788 1795 903 1839 amans.

117 1864 175 1924 Gur
188 1863 304 1923 hedera
319 1863 416 1922 cincta
431 1868 500 1923 esti
521 1861 636 1923 hedera
650 1869 698 1924 est
711 1863 886 1938 gratissima
899 1860 1033 1921 Baccho.

156 1948 222 2007 Hoc
239 1961 362 2022 quoque
377 1961 433 2006 eur
448 1945 490 2005 ita
506 1945 559 2021 sil,
576 1945 679 2006 dicere
694 1946 777 2006 nulia
795 1960 883 2006 mora
896 1952 952 2006 est.

115 2030 269 2107 Nysiadas
284 2028 437 2105 nymphas
451 2045 584 2106 puerum
599 2035 766 2105 quaerente
783 2045 917 2090 noverea

61 2121 98 2174 70
155 2115 240 2173 Hanc
255 2114 395 2172 frondem
410 2112 499 2175 cunis
516 2111 703 2188 opposuisse
719 2114 827 2173 ierunt.

114 2198 234 2269 Restat,
253 2202 288 2256 ut
301 2195 468 2271 inueniam,
492 2211 587 2273 quare
601 2203 673 2269 toga
687 2196 783 2256 libera
798 2196 886 2257 detur

155 2279 296 2339 Lucilero
312 2280 429 2354 pueris,
452 2279 584 2340 candide
597 2279 734 2355 Bacche,
756 2291 819 2340 tuo.

116 2363 188 2423 Sive
203 2363 286 2437 quod
301 2363 369 2439 ipse
384 2379 460 2438 puer
474 2379 598 2439 semper
611 2365 793 2439 iuvenisque
806 2362 930 2437 videris,

155 2447 193 2506 Et
207 2446 370 2506 mediaest
383 2453 469 2508 aetas
483 2447 562 2507 inter
576 2455 737 2522 utrumque
750 2447 819 2508 tibia

61 2536 102 2592 '75
115 2529 177 2590 Seu
193 2531 263 2604 quia
278 2537 309 2590 tu
325 2535 469 2604 pateres,
490 2539 594 2605 patres
610 2547 667 2591 sua
682 2533 820 2607 pignora,
841 2536 931 2590 nates

158 2613 379 2674 commendant
394 2629 487 2673 curae
502 2614 739 2690 numinibusque
753 2615 829 2675 tuis=

117 2696 204 2772 Sive,
228 2697 312 2771 quod
327 2712 361 2756 es
376 2697 482 2770 Liber,
504 2698 600 2758 vestis
618 2714 743 2775 quoque
757 2698 852 2758 libera
868 2702 967 2772 perte

158 2780 291 2842 Sumitur
308 2787 338 2840 et
351 2782 433 2840 vitae
446 2780 597 2842 liberioris
613 2780 685 2840 itera

115 2867 164 2923 An
181 2865 252 2938 quia
267 2910 275 2937 ,
292 2879 361 2924 cum
376 2864 511 2925 colerent
525 2864 620 2940 prisci
636 2865 804 2926 studiosius
820 2880 920 2940 agros,

61 2958 99 3012 80
153 2948 190 3008 Et
204 2949 319 3009 iaceret
333 2948 432 3024 patrie
446 2963 517 3008 rure
533 2954 657 3008 senator
672 2964 762 3024 opus,

115 3031 153 3091 ut
167 3039 291 3107 caperet
305 3032 406 3092 lasces
422 3048 440 3092 a
456 3047 552 3091 curvo
568 3031 677 3093 consui
692 3038 802 3105 aratro,

156 3116 219 3174 Nee
235 3116 347 3174 crimen
363 3115 455 3175 duras
471 3122 555 3176 esset
569 3113 683 3175 habere
700 3128 818 3185 manus,

115 3198 259 3259 Rusticus
274 3197 314 3257 ad
328 3198 418 3258 ludos
434 3200 567 3273 populus
581 3197 724 3259 veniebat
738 3197 768 3256 in
782 3195 913 3259 Urbema

158 3279 221 3341 Sed
237 3281 299 3355 dis,
321 3298 382 3343 non
397 3281 506 3342 studiis
522 3282 573 3342 iiie
585 3281 715 3342 dabatur
728 3281 839 3342 honos.

61 3372 99 3425 sa
112 3363 194 3423 Luce
209 3380 266 3424 sna
279 3365 369 3424 ludos
384 3381 464 3426 uvae
478 3372 666 3427 commentor
684 3362 825 3439 habebat,
852 3398 854 3402 ν
945 3379 948 3382 ’

158 3447 240 3520 Quos
256 3463 325 3507 eum
338 3449 486 3510 taedifera
501 3466 581 3512 nunc
598 3449 690 3510 habet
702 3448 754 3512 ille
767 3448 838 3509 dea.
