2318 3960
354 730 785 816 utereturne.

148 903 282 1013 Accepit
295 937 428 998 mundus
443 937 558 1012 legem„
583 937 668 1000 dedit
682 953 766 998 unna
780 954 837 1014 per
851 953 968 1013 omnes,

144 1020 374 1095 Admonuitque
388 1022 447 1082 sui.
476 1023 650 1082 vitulus-sle
664 1037 797 1096 nemque
809 1023 949 1097 minatur,

146 1103 204 1178 Qui
218 1104 354 1165 nondum
368 1105 490 1180 gerit-in
504 1106 686 1167 tenemium
703 1120 824 1166 eorsum¹
833 1106 940 1181 fronte,

147 1188 199 1249 Sie
214 1188 354 1249 dammae
369 1191 504 1265 mugiunt,
520 1191 779 1266 pugnautvmute
793 1190 909 1264 leones,

114 1283 132 1333 5
146 1273 184 1332 Et
198 1288 305 1333 morsu
318 1274 405 1333 uenis
421 1279 452 1334 et
466 1275 584 1335 enudue
599 1275 645 1335 sie
659 1275 887 1350 scorpius-iem,

145 1355 376 1434 Concussisque
390 1358 468 1418 levis
483 1358 586 1434 pinnis
601 1359 647 1421 sie
662 1359 765 1421 evolat
777 1359 855 1419 eles.

146 1440 268 1510 Omnib;
288 1442 334 1502 sie
349 1448 440 1504 noete
453 1445 559 1505 mortis
573 1443 677 1516 timor,
694 1441 836 1503 omnibus
848 1441 969 1503 hostem

143 1524 395 1602 Praesidiumque
415 1528 518 1587 dutum
532 1528 646 1588 sentire
661 1533 691 1587 et
707 1541 837 1587 noscere
851 1526 903 1586 teli

110 1674 112 1676 ,
145 1609 278 1684 Vimque
291 1610 477 1686 modumque
493 1612 550 1673 sui.
582 1611 628 1673 sie
643 1619 673 1672 et
687 1626 801 1672 suenus
811 1618 876 1671 erte
890 1606 948 1669 sub
964 1607 1053 1668 undis

96 1696 129 1747 10
145 1692 212 1753 Sin
215 1735 285 1751 .......

144 1777 263 1837 Decidit
277 1776 502 1852 adsumptaque
516 1778 589 1837 dolo
604 1779 727 1838 tandem
741 1785 834 1852 pavet
848 1791 960 1850 eseam,

144 1861 211 1921 Non
226 1860 319 1920 audet
332 1859 426 1920 radiis
442 1860 556 1921 obnixe
570 1875 733 1922 oeeurrere
747 1861 854 1936 ironte,

144 1946 282 2005 Aversus
297 1941 405 2004 erebro
420 1944 522 2005 vimen
537 1944 595 2005 sed
610 1944 738 2006 verbere
752 1945 869 2005 caudae

144 2030 267 2089 Laxans
283 2028 493 2104 subsequitur,
509 2036 668 2107 tutumque
682 2029 786 2089 evadit
799 2028 830 2087 in
845 2043 972 2104 aequor.

96 2123 130 2176 15
145 2112 221 2186 Quin
238 2112 328 2173 etiem
343 2113 370 2173 si
385 2113 463 2174 ferte
477 2113 603 2189 aliquis,
620 2114 693 2173 dum
707 2119 880 2188 praemetet,
895 2121 962 2175 arto

145 2197 225 2257 Mitis
239 2198 403 2258 luctantem
417 2212 524 2263 suanus
538 2197 621 2258 hune
636 2197 667 2257 in
681 2196 892 2268 vimiue‘vidit,

146 2281 257 2342 Aversi
272 2281 402 2341 eandum
417 2298 522 2343 morsu
536 2287 618 2342 teuet
631 2280 795 2355 aequente

144 2365 229 2426 Uber
248 2371 372 2425 servato
387 2381 479 2441 quem
492 2365 568 2425 texit
581 2365 650 2425 eive
664 2364 800 2424 resultae

147 2448 241 2523 Sepia
255 2446 344 2509 tarde
358 2448 466 2524 fugae,
480 2449 565 2511 tenui
580 2462 649 2509 eum
659 2448 742 2509 forte
756 2444 909 2507 sub—unda
1043 2516 1045 2520 μ

94 2538 128 2589 20
142 2532 303 2606 Deprensa
317 2536 379 2603 est,
394 2532 578 2608 iamiamque
592 2546 702 2592 munus
717 2530 801 2592 timet
813 2528 865 2589 ille
879 2527 998 2605 rapue‘e

145 2615 288 2676 lnfieiens
300 2630 417 2691 aequor
430 2616 549 2691 nigrum
563 2615 659 2677 vomit
672 2615 765 2694 ilie[et
775 2613 938 2692 humorem]

144 2699 324 2774 Avertitque
340 2699 407 2758 vias
423 2701 530 2760 oeulos
544 2700 689 2761 frustrata
702 2697 868 2774 sequentis.

146 2782 274 2844 Clausus
289 2789 353 2842 rete
367 2783 474 2857 lupus
488 2784 630 2858 quemvis
645 2784 756 2844 inmitis
771 2788 802 2843 et
815 2796 894 2854 eeer,

145 2867 272 2927 Dimotis
287 2867 388 2927 caude
403 2865 575 2929 submissus
590 2867 663 2928 sidit
676 2867 778 2928 arenis

93 2946 128 3014 ‘25
653 2950 685 3011 in
700 2965 793 3011 eures

144 3034 261 3094 Emicat
275 3042 367 3112 atque
382 3037 472 3097 dolos
487 3035 568 3096 saltu
582 3034 698 3095 deludit
712 3033 837 3095 inultus.

143 3119 182 3178 Et
195 3135 321 3181 murena
335 3123 438 3195 ferox,
454 3119 557 3181 teretis
572 3118 631 3179 sibi
647 3117 774 3180 conseia
786 3116 872 3191 tergi,
970 3114 972 3119 ’

143 3203 195 3261 Ad
208 3202 313 3263 luxata
324 3204 423 3279 magis
432 3209 603 3264 -eonnextat
617 3202 768 3265 foramine
781 3201 856 3261 retis

142 3285 279 3346 Tandem
294 3287 475 3362 permultos
490 3287 593 3348 evadit
606 3285 724 3348 lubrica
738 3284 850 3360 flexus,

88 3375 124 3430 ³0
137 3368 351 3446 Exemploque
366 3385 483 3432 nocens
498 3370 615 3432 eunetis
630 3369 687 3430 iter
701 3369 817 3429 invenit
830 3383 903 3430 una.

143 3454 185 3513 nt
200 3459 304 3514 contra
320 3455 459 3530 seopulis
479 3453 585 3515 erineli
600 3467 733 3529 corpore
743 3453 864 3571 segnis*
