2318 3960
107 214 148 280 'lo
498 211 724 272 TRISTIUM

143 376 176 429 10
231 367 366 442 Sumque
381 365 549 440 argumenti
564 362 705 423 conditor
717 360 785 438 ipse
800 362 869 423 mel.

192 452 291 525 thue
304 451 408 510 iacens
423 448 490 523 ripa
506 444 622 506 deflere
636 444 793 522 Caystrius
808 445 873 505 ales

231 534 348 594 Dicitur
362 547 415 591 ore
431 547 517 592 suam
533 529 692 590 deficiente
707 543 823 600 necem,

192 617 243 677 Sic
258 632 331 691 ego,
349 612 533 674 Sarmaticas
548 613 639 687 longe
653 611 808 688 proiectus
823 611 854 671 in
870 626 954 689 oros,

231 700 355 770 Elicio,
370 696 492 757 tacitum
509 711 549 757 ne
564 696 635 754 mihi
650 697 740 756 lunus
755 703 814 758 eat.

141 792 173 843 15
187 783 319 843 Delicias
335 780 432 856 siquis
447 780 625 854 lascivaque
640 779 775 839 carmina
789 780 917 853 quaerit,

231 866 436 936 Praemoneo,
470 878 639 938 numquam
662 863 777 938 scripta
796 864 940 925 modesta
959 866 1052 943 legat.
1125 868 1133 887 ⁴

189 948 298 1023 Aptior
311 947 381 1007 huic
402 946 506 1008 Gallus
523 946 690 1021 blandique
703 945 879 1021 Propertius
897 946 973 1023 oris,

230 1033 268 1092 Et
280 1033 399 1110 plures,
416 1046 545 1107 quorum
560 1030 683 1089 nomina
696 1044 806 1105 magna
819 1030 933 1105 vigent.

188 1120 291 1190 Atque
305 1115 418 1175 utinam
433 1130 558 1175 numero
573 1129 612 1173 ne
628 1130 686 1174 nos
705 1129 845 1174 essemus
862 1113 893 1173 in
907 1115 986 1175 isto!

139 1206 174 1259 20
229 1199 265 1259 Ei
280 1198 367 1273 mihi,
388 1214 442 1259 cur
455 1214 599 1274 umquam
613 1196 702 1258 Musa
716 1198 817 1258 iocata
829 1211 899 1256 mea
914 1205 985 1259 cstr

191 1281 253 1342 Sed
272 1282 412 1343 dedimus
428 1297 562 1357 poenas,
578 1280 776 1357 Scythicique
790 1279 950 1344 infinibus
965 1281 1057 1345 Histri

232 1368 285 1426 lllc
300 1365 463 1443 pharetrati
478 1365 566 1426 lusor
578 1365 701 1426 Amoris
719 1364 817 1424 abest

190 1448 278 1523 Quod
292 1453 449 1523 superest,
469 1449 588 1509 animos
604 1448 644 1507 ad
658 1447 782 1525 publica
796 1447 931 1508 carmina
944 1446 1029 1525 flexi,

229 1532 267 1592 Et
280 1546 432 1591 memores
447 1531 523 1592 iussi
537 1532 668 1593 nominis
683 1548 754 1592 esse
768 1531 838 1591 mei.

139 1624 173 1676 25
188 1614 221 1675 Si
236 1623 337 1676 tamen
352 1631 369 1673 e
384 1613 473 1675 vobis
489 1616 615 1690 aliquis,
630 1622 691 1675 tam
709 1616 818 1690 multa,
832 1615 980 1691 requirat,

229 1699 317 1760 Unde
332 1697 465 1758 dolenda
481 1707 610 1758 canam?
640 1701 733 1759 multa
747 1698 881 1759 dolenda
893 1698 958 1760 tuli.

189 1782 254 1843 Non
271 1780 348 1842 haec
366 1781 502 1856 ingenio,
520 1799 582 1844 non
598 1783 674 1842 haec
689 1783 902 1859 componimus
917 1789 1000 1844 artaz

230 1865 358 1926 Materia
372 1871 419 1925 est
433 1867 566 1941 propriis
581 1866 741 1962 ingeniosa
756 1867 853 1928 malis.

186 1949 224 2009 Et
241 1956 334 2024 quota
348 1951 486 2012 fortunae
501 1966 574 2026 pars
589 1950 686 2012 estin
702 1951 834 2011 carmine
845 1956 993 2011 nostrae?

136 2037 171 2092 3ο
227 2034 327 2106 Felix,
348 2033 399 2108 qui
417 2033 530 2108 patitur
545 2051 625 2109 quae
640 2050 800 2094 numerare
814 2040 932 2111 potest!

189 2115 268 2189 Quot
282 2079 406 2177 liuticos
422 2117 532 2189 silvae,
550 2128 625 2193 quot
640 2117 738 2179 flavas
752 2117 884 2194 Thybris
899 2132 1024 2195 arenas,

228 2199 332 2261 Mollia
348 2205 423 2274 quot
436 2199 541 2259 Martis
557 2201 694 2275 gramina
709 2218 836 2276 campus
851 2199 953 2276 habet,

186 2285 243 2345 Tot
257 2283 335 2342 mala
349 2282 536 2379 pertulimus.
570 2300 699 2359 quorum
714 2285 865 2345 medicina
879 2283 1034 2362 quiesque

227 2367 315 2426 Nulla
328 2365 388 2426 nisi
402 2365 433 2424 in
449 2367 550 2428 studio
564 2368 778 2442 Pieridumque
792 2384 877 2429 mora
891 2377 949 2431 est

136 2455 169 2509 ³5
185 2449 270 2523 Quis
285 2449 352 2522 tibi,
367 2450 465 2521 Naso,
480 2452 590 2511 modus
606 2451 759 2512 lacrimosi
775 2451 950 2512 carminist’
965 2453 1083 2529 inquiat

227 2534 326 2605 idem,
345 2534 484 2594 fortunae
500 2535 552 2607 qui
567 2534 677 2594 modus
692 2535 782 2595 huius
798 2535 862 2596 erit.

185 2616 273 2690 Quod
290 2633 415 2692 querar,
432 2617 485 2676 illa
498 2617 570 2676 mihi
590 2619 681 2692 pleno
697 2619 764 2678 del
750 2621 834 2679 lonte
848 2619 1009 2716 ministrat,

226 2701 289 2760 Nec
303 2716 372 2761 mea
387 2707 472 2776 sunt,
489 2701 542 2759 lati
560 2700 652 2760 verba
669 2701 727 2760 sed
742 2702 801 2762 ista
816 2703 884 2762 mei.

183 2785 224 2843 ht
237 2785 309 2844 mihi
324 2785 352 2844 si
367 2800 438 2844 cara
452 2786 581 2858 patriam
596 2800 665 2845 cum
679 2787 809 2859 coniuge
822 2785 946 2860 reddas,

132 2873 168 2925 40
224 2866 290 2928 Sint
304 2868 406 2928 vultus
421 2867 550 2941 hilares,
567 2869 688 2943 simque
704 2871 788 2944 quod
802 2875 871 2929 ante
889 2869 941 2929 iui.

182 2950 315 3011 Lenior
307 2951 411 3011 invicti
426 2951 453 3011 si
469 2953 509 3011 sit
524 2951 596 3011 mihi
612 2952 776 3011 Caesaris
768 2969 823 3026 rra,

224 3033 363 3094 Carmina
379 3035 533 3095 laetitiae
526 3051 585 3093 iam
600 3036 653 3094 tibi
668 3037 761 3110 plena
774 3036 866 3096 daho.

181 3115 243 3175 Nec
258 3122 358 3176 tamen
373 3126 405 3178 ut
420 3118 505 3192 lusit,
521 3134 630 3180 rursus
644 3133 713 3178 mea
727 3118 825 3178 littera
839 3120 938 3179 ludets

225 3198 270 3258 Sn
284 3202 379 3259 semel
393 3202 445 3262 illa
460 3217 528 3261 meo
542 3202 693 3263 luxuriata
707 3203 803 3263 malo!
1146 3126 1152 3279 ¹

135 3291 164 3341 ra
179 3283 267 3355 Quod
283 3283 413 3358 probet
406 3300 488 3360 ipse,
507 3301 624 3344 cenam.
661 3300 782 3361 poenae
797 3288 889 3349 modo
904 3294 993 3365 parte
1006 3293 1105 3351 lerata

220 3365 396 3424 Barbariem
409 3367 526 3442 rigidos
541 3367 747 3465 effugiamque
765 3370 867 3430 Getas

179 3449 298 3508 interea
312 3450 408 3509 nostri
423 3450 497 3525 quid
515 3459 621 3527 agant,
637 3452 696 3511 nisi
712 3453 811 3528 triste,
826 3453 942 3515 lihetlit
