2318 3960
98 196 158 263 144
488 197 548 257 EX
568 194 716 258 ΡΟΝΤΟ

217 350 365 413 Materiae
379 350 484 425 gracili
499 348 613 409 sulficit
626 349 790 423 ingenium.

176 434 293 512 Nuper,
307 442 340 497 ut
353 435 413 495 huc
427 433 528 508 magni
546 432 685 507 pervenit
697 433 778 494 lama
789 430 945 509 triumphi,

217 519 322 580 Ausus
338 534 406 579 sum
421 524 523 577 tanae
538 531 659 577 sumere
674 517 764 578 molis
780 532 871 592 opus.

175 601 280 664 Obruit
293 603 456 663 audentem
470 616 571 660 rerum
584 598 783 675 gravitasque
804 598 958 675 nitorque,

126 699 162 753 30
214 686 276 744 Nec
292 686 377 762 potui
393 684 494 760 coepti
508 683 649 759 pondera
663 684 744 742 ferre
756 685 825 744 mei.

175 769 255 841 Illic,
271 784 363 845 quam
379 768 502 841 laudes,
518 769 575 828 orii
589 767 732 828 olllciosa
747 769 906 830 voluntase

218 852 326 913 Cetera
339 852 466 912 materia
480 851 637 911 debilitata
650 852 759 912 iacent.

176 936 232 1010 Qui
246 936 272 995 si
288 938 365 997 rorte
385 936 461 995 liber
474 943 594 996 vestras
614 935 808 1011 pervenitad
824 951 927 1011 aures,
959 976 964 981 -

212 1020 363 1092 Tutelam,
379 1020 507 1092 mando,
524 1020 634 1080 sentiat
652 1019 703 1079 ille
719 1026 811 1081 tuum.

124 1113 158 1170 aa
171 1104 238 1163 Hoc
252 1104 305 1164 tibi
320 1105 453 1177 facturo,
467 1104 517 1163 vel
532 1104 559 1163 si
574 1120 637 1163 non
651 1103 720 1178 ipse
734 1117 885 1178 rogarem,
952 1164 955 1169 ,

216 1188 355 1248 Accedat
369 1188 508 1248 cumulus
522 1187 619 1262 gratia
634 1193 740 1246 nostra
758 1187 846 1247 levis.

175 1271 242 1332 Non
262 1288 320 1346 ego
336 1271 522 1343 laudandus,
539 1272 595 1331 sed
610 1277 681 1331 sunt
694 1277 745 1329 tua
760 1277 901 1346 pectora,
918 1270 997 1330 lacte

213 1355 251 1414 Et
265 1373 327 1416 non
343 1357 459 1417 calcata
472 1355 651 1414 candidiora
665 1354 750 1418 nive:

175 1439 358 1512 Mirarisque
378 1438 470 1512 alios,
487 1454 556 1499 cum
570 1438 615 1499 sis
630 1437 776 1503 mirabitis
791 1439 869 1521 ipse,

124 1527 160 1582 ln
214 1523 277 1581 Nec
292 1524 405 1582 lateant
419 1530 500 1582 artes
516 1522 733 1596 eloquiumque
747 1530 839 1581 tuum.

175 1607 217 1665 Te
232 1605 376 1665 iuvenum
390 1605 551 1681 princeps,
572 1606 620 1666 cui
635 1606 689 1666 dat
702 1605 863 1665 Germania
877 1620 999 1679 nornen,

215 1689 396 1763 participem
410 1688 502 1748 studii
518 1689 631 1751 Caesar
645 1689 758 1750 habere
775 1690 862 1750 solet.

175 1773 219 1832 Tu
234 1787 339 1832 comes
353 1773 510 1848 antiquus,
528 1781 560 1835 tu
573 1773 680 1849 primis
695 1774 817 1835 iunctus
833 1771 872 1833 ab
887 1772 978 1835 anule

216 1857 340 1931 ingenio
356 1872 458 1917 mores
474 1857 692 1932 aequiperante
707 1858 823 1932 places

127 1955 161 2008 lo
174 1940 216 1999 Te
231 1941 350 2000 dicente
365 1940 449 2014 prius
469 1940 504 2001 fit
518 1941 657 2016 protinus
673 1940 803 2016 impetus
818 1938 878 2006 illi·

190 2030 194 2037 ‘
213 2025 317 2098 Teque
331 2023 435 2098 habet,
453 2023 559 2085 elicias
575 2024 626 2099 qui
641 2040 699 2084 sua
713 2023 807 2084 verba
821 2023 892 2085 tuis.

177 2107 251 2168 Cum
264 2116 297 2169 tu
313 2108 421 2168 desisti
436 2108 636 2182 mortaliaque
651 2124 706 2169 ora
722 2107 864 2183 quierunt

217 2191 389 2265 Clausaque
405 2207 466 2251 non
481 2193 572 2266 longa
586 2191 760 2253 conticuere
778 2207 873 2266 mora,

176 2273 278 2349 Surgit
290 2273 374 2334 Iuleo
389 2275 508 2335 iuvenis
523 2276 707 2351 cognomine
720 2275 842 2350 omnus,

126 2366 161 2421 50
217 2357 320 2431 Qualis
340 2357 378 2416 ab
397 2359 463 2419 eois
478 2359 586 2420 luciler
600 2366 685 2421 ortus
701 2359 799 2434 aquis.

175 2442 315 2516 Dumque
329 2441 424 2503 silens
440 2444 558 2517 adstat,
575 2449 672 2504 status
687 2449 736 2503 est
749 2443 915 2518 vultusque
929 2439 1045 2516 diserti,

218 2522 373 2600 Spemque
392 2528 507 2587 decens
527 2527 638 2588 doctae
654 2528 740 2588 vocis
756 2527 884 2593 amictu
898 2524 1002 2587 nabet.

175 2606 263 2681 Mox,
279 2608 332 2669 ubi
351 2612 442 2685 pulsa
456 2627 542 2671 mora
558 2619 606 2672 cst
620 2617 713 2686 atque
727 2626 764 2672 os
779 2612 914 2671 eoeleste
926 2611 1069 2684 solutura,

215 2692 282 2752 Hoc
297 2709 428 2769 superos
445 2696 527 2756 iures
541 2710 627 2756 more
641 2695 742 2755 solere
755 2694 850 2770 loqui,

125 2780 159 2832 55
173 2779 275 2851 Atque
289 2777 378 2837 ‘haec
393 2783 452 2838 est’
468 2779 554 2840 dicas
569 2778 726 2840 ‘facundia
742 2778 880 2853 principe
894 2776 1016 2853 diguu’a

215 2861 347 2937 Eloquio
361 2867 476 2923 tantum
491 2863 657 2923 nobilitatis
672 2863 760 2923 inest.

175 2944 253 3005 Huic
267 2952 299 3005 tu
315 2961 384 3005 cum
399 2948 524 3021 placeas
540 2954 570 3007 et
584 2946 698 3006 vertice
711 2945 815 3006 sidera
828 2952 950 3020 ungas

216 3027 336 3103 Scripta
350 3035 450 3089 tamen
465 3031 586 3106 profugi
600 3030 677 3090 vatis
692 3028 835 3090 habenda
848 3034 952 3104 pules.

176 3110 299 3172 Scilicet
312 3113 441 3187 ingeniis
457 3114 557 3189 alique
574 3121 621 3175 est
635 3112 803 3175 concordia
816 3111 937 3185 iuuetis,

122 3202 159 3258 6⁰
208 3194 246 3253 Et
260 3204 366 3257 servat
379 3197 471 3257 studii
486 3199 612 3258 loedera
632 3198 763 3274 quisque
778 3196 841 3258 suit

170 3277 315 3338 Rusticus
330 3281 510 3355 agricolam,
525 3282 613 3342 miles
629 3282 693 3342 fera
707 3279 789 3341 bella
802 3284 968 3356 mentem,

214 3363 374 3422 Rectorem
389 3364 500 3424 dubiae
516 3366 617 3426 navita
631 3366 746 3441 puppis
762 3371 853 3425 ornat

171 3443 216 3506 Tu
230 3461 355 3520 quoquc
368 3445 517 3509 Pieridum
534 3450 651 3522 studio,
668 3449 823 3523 studiose,
843 3446 968 3521 waaris,
