2318 3960
393 236 436 308 V,
459 233 637 309 400-7469.
700 293 704 297 .
961 230 1021 296 307

135 387 247 463 Surgit.
274 386 389 447 habent
401 386 514 461 gemini
528 387 649 447 vincula
662 387 745 445 nulla
758 386 865 461 pedes.

89 471 249 546 Signaque
266 471 318 530 dat
333 469 434 544 digitis
451 470 552 530 medio
568 486 637 530 cum
650 470 762 545 pollice
777 469 896 546 iunctis,

134 553 279 614 Occurrat
296 553 387 613 tacito
409 569 448 613 ne
462 553 540 614 levis
555 553 662 614 umbra
676 552 744 614 sibi.

41 647 75 702 35
91 638 230 712 Cumque
244 653 354 697 manus
369 653 463 712 puras
481 637 606 698 fontana
625 637 735 712 perluit
749 638 843 713 unda,

133 721 283 796 Vertitur,
299 727 330 780 ct
347 720 451 794 nigras
466 720 577 796 accipit
592 721 758 795 oreiadas,

88 809 293 879 Aversusque
307 805 388 864 iacit.
417 803 475 864 sed
491 804 562 864 dum
576 803 662 877 iacit,
677 805 775 865 ‘Haec
791 821 848 879 ego
864 805 956 879 mitto,

131 889 199 948 His’
214 889 310 963 inquit
325 888 455 948 ‘redimo
470 903 580 964 meque
593 902 743 964 meosque
760 888 866 950 iabist’

88 973 157 1033 Hoc
177 972 285 1032 novies
301 971 386 1046 dicit,
404 987 461 1032 uec
474 971 608 1047 respicit.
635 972 742 1031 umbra
756 978 878 1048 putatur

41 1073 77 1125 40
136 1056 284 1130 Colligere
299 1063 329 1116 et
343 1056 426 1115 nullo
441 1064 526 1131 terga
538 1055 663 1116 vidente
678 1057 776 1131 sequi.

91 1142 212 1201 Rursus
227 1156 339 1215 aquam
354 1140 463 1214 tangit,
479 1139 709 1215 Temesacaque
725 1147 891 1216 concrepat
906 1156 987 1214 aera,

132 1225 171 1284 Et
184 1231 286 1298 rogat,
302 1231 335 1284 ut
349 1223 438 1283 tectis
452 1230 543 1284 exeat
557 1222 664 1283 umbra
680 1223 756 1284 suis.

92 1309 167 1369 Cum
182 1307 258 1367 dixit
271 1308 380 1367 novics
396 1305 514 1366 ‘Manes
530 1307 611 1366 exite
626 1307 768 1382 paterni,’

133 1391 285 1466 Respicit,
303 1398 333 1450 et
347 1405 429 1466 pure
440 1405 530 1450 sacra
543 1397 669 1467 peracta
683 1397 777 1467 putat.

41 1487 77 1540 do
92 1476 181 1536 Dicta
196 1475 236 1535 sit
250 1476 332 1535 uude
348 1475 430 1549 dies,
447 1489 526 1549 quae
543 1474 676 1535 nominis
694 1481 779 1535 extet
794 1473 889 1548 origo,

133 1559 184 1618 Mc
199 1558 283 1633 sugit.
316 1575 355 1618 ex
372 1559 473 1633 aliquo
490 1564 537 1618 est
551 1559 735 1618 invenienda
750 1559 819 1618 deo.

91 1643 196 1702 Pliade
211 1649 297 1716 nate,
311 1657 416 1713 mone,
437 1642 524 1716 virga
537 1643 713 1702 venerande
729 1642 856 1719 potenti!

135 1725 236 1802 Saepe
251 1725 304 1786 tibi
320 1725 419 1803 Stygii
433 1725 519 1800 regia
533 1724 601 1785 visa
613 1727 708 1787 lovis.

91 1809 184 1870 Venit
194 1811 340 1870 adoratus
356 1809 518 1869 caducifer.
548 1810 666 1885 Accipe
686 1826 812 1871 causam

41 1902 78 1953 :50
134 1893 282 1954 Nominis.
312 1910 351 1953 cx
365 1895 435 1968 ipso
451 1899 499 1952 est
515 1893 636 1968 cognita
651 1909 746 1954 causa
760 1894 829 1953 deo.

90 1978 239 2039 Romulus
254 1983 286 2038 ut
301 1979 412 2037 tumulo
428 1977 578 2037 lratcmas
593 1977 731 2037 condidit
744 1975 877 2051 umbrae,

132 2061 171 2121 Et
184 2062 264 2121 male
280 2061 379 2121 veloci
393 2061 473 2120 iusta
487 2061 589 2121 soluta
602 2062 709 2136 Remo,

88 2146 254 2206 Faustulus
269 2145 375 2204 infelix
390 2153 419 2205 et
434 2143 539 2219 passis
554 2145 639 2204 Acca
654 2143 772 2219 capillis

134 2227 328 2304 spargebant
341 2228 475 2288 lacrimis
492 2243 568 2288 ossa
583 2234 707 2303 perusta
723 2228 799 2288 suls.

41 2325 75 2378 oo
91 2313 168 2372 lude
183 2313 307 2372 domum
321 2313 450 2372 redeunt
465 2311 522 2371 sub
539 2312 638 2387 prima
652 2310 836 2386 crepuscula
849 2307 964 2378 maesti,

132 2397 234 2471 thue
249 2402 328 2469 erat,
348 2396 378 2455 iu
394 2397 471 2455 duro
489 2395 680 2470 procubuere
695 2402 772 2455 toro.

89 2479 205 2542 Umbra
221 2487 344 2539 cruenta
357 2479 445 2539 Remi
460 2478 528 2538 visa
543 2486 591 2539 est
605 2479 752 2539 assistere
766 2479 854 2551 lecto,

132 2564 235 2639 Atque
249 2562 327 2622 haec
342 2563 455 2640 exiguo
471 2577 626 2621 murmure
642 2561 737 2621 verba
750 2563 849 2636 loqui:

94 2647 153 2706 ‘En
169 2662 226 2721 ego
243 2647 399 2707 dimidium
415 2646 506 2705 vestri
523 2661 658 2720 parsque
678 2644 772 2704 altera
791 2646 863 2717 voti,

41 2739 78 2794 60
138 2730 257 2790 Gemite
272 2732 334 2805 sim,
345 2730 459 2804 qualis,
477 2730 529 2804 qui
542 2729 635 2789 modo
651 2728 751 2803 qualis
765 2734 862 2788 erum!

91 2815 148 2890 Qui
164 2815 271 2886 modo,
290 2815 316 2874 si
330 2814 472 2873 volucres
487 2812 663 2873 habuissem
681 2828 776 2886 regna
789 2810 936 2884 iubentes,

133 2899 166 2957 ln
182 2899 299 2976 populo
317 2897 401 2973 potui
417 2897 569 2957 maximus
586 2911 658 2957 esse
676 2912 755 2970 mco,

88 2982 175 3042 Nunc
191 2984 301 3058 elapsa
314 2980 380 3055 rogi
396 2980 528 3042 flammis
544 2988 574 3041 et
588 2981 688 3042 inanis
703 2980 813 3054 imago,

132 3066 217 3126 Haec
233 3074 334 3127 estex
351 3065 403 3124 illo
423 3066 521 3125 torma
534 3066 640 3125 relicta
654 3067 766 3126 Remo!

41 3164 75 3220 55
90 3150 158 3209 Heu
173 3151 225 3210 ubi
239 3151 322 3211 Mars
339 3156 426 3226 pater
441 3156 509 3210 est?
523 3151 550 3209 si
564 3165 622 3210 vos
636 3149 729 3209 modo
747 3163 821 3208 vera
833 3145 935 3215 locuti,

133 3234 297 3310 Uberaque
312 3233 462 3309 expositis
477 3234 527 3292 ille
542 3233 638 3292 lerina
652 3233 746 3293 dedit.

90 3318 187 3393 Quem
202 3320 276 3393 lupa
290 3317 440 3391 servavit,
456 3332 566 3377 manus
582 3317 662 3376 huuc
676 3315 838 3376 temeraria
853 3313 929 3372 civis

132 3401 275 3462 Perdidit.
306 3401 329 3463 0
346 3407 458 3478 quanto
474 3400 575 3460 mitior
588 3400 640 3459 illa
655 3398 725 3459 luit!

91 3487 193 3547 Saeve
210 3485 310 3562 Celer,
328 3485 484 3546 crudelem
499 3483 630 3546 animam
646 3499 700 3559 per
713 3481 841 3600 volnera
854 3481 976 3554 reddas,

756 3575 791 3627 20
