2318 3960
417 262 475 335 vl,
499 259 677 326 leo-798.
994 261 1057 328 337

481 461 534 526 24.
554 461 613 525 60

125 584 278 658 Tempora
292 579 448 655 labuntur,
463 581 627 658 tacitisque
641 582 833 664 senescimus
848 585 945 660 anuis,

167 666 206 725 Et
220 664 337 740 lugiunt
352 665 439 725 neno
455 676 517 725 non
531 671 704 725 remorante
718 666 796 726 dies.
918 670 923 679 '

127 749 222 823 Quam
238 749 298 809 cito
314 747 626 810 veneruntllonunae
639 748 739 831 Fortis
754 750 904 814 honores!

166 832 240 893 Post
256 839 372 908 septem
387 834 473 892 luces
487 831 592 894 lunius
607 839 694 894 actus
709 833 774 894 erit.

71 921 112 976 '75
128 916 184 989 lte,
201 916 290 976 deam
305 916 376 975 laeti
390 915 513 977 Fortem
527 915 695 992 celebrate,
712 917 861 993 Quirites!

166 1000 200 1059 ln
215 998 331 1059 Tiberis
350 1000 418 1076 ripa
431 1013 559 1061 munere
571 999 654 1076 regis
668 999 769 1061 habet.

123 1082 198 1143 Pars
214 1083 309 1158 pede,
324 1099 398 1159 pars
414 1085 509 1143 etiam
521 1083 614 1143 celeri
630 1083 782 1145 decurrite
796 1083 914 1146 cumba.
943 1109 945 1112 >

166 1167 229 1227 Nec
244 1167 358 1242 pudeat
371 1173 463 1243 potos
484 1167 556 1228 iude
570 1167 672 1228 redire
687 1168 822 1229 domum.

125 1248 213 1312 Ferte
229 1257 393 1310 coronatae
406 1252 554 1312 iuvenum
568 1251 842 1323 convivialium,

71 1336 113 1391 '80
169 1334 325 1408 Multaque
340 1350 395 1409 per
408 1334 526 1396 medias
540 1335 614 1396 viua
629 1334 769 1396 bibantur
783 1350 891 1412 accras.

122 1417 213 1478 Plebs
229 1418 302 1478 coiit
315 1418 403 1477 hanc.
434 1419 523 1495 quia,
539 1417 592 1494 qui
606 1418 726 1495 posuit,
743 1418 782 1478 de
797 1417 893 1496 plebe
904 1416 1000 1480 troisse

165 1503 287 1574 Fertur,
304 1509 335 1561 et
349 1517 389 1561 ex
402 1502 513 1564 humili
522 1509 646 1579 sceptra
661 1503 767 1563 tulisse
781 1502 876 1563 loco·
911 1526 914 1531 ¹

125 1585 274 1645 Convenit
287 1591 318 1645 et
331 1585 441 1647 servis.
471 1602 564 1647 serva
583 1587 656 1661 quia
669 1586 785 1647 Tullius
800 1593 886 1649 ottus

167 1669 327 1729 Constituit
341 1669 454 1730 dubiae
465 1670 580 1746 templa
593 1670 769 1747 propinqua
784 1670 872 1732 deae.

394 1800 444 1863 25.
466 1803 523 1863 HC
563 1802 615 1864 26.
634 1803 694 1865 AC

72 1928 108 1983 85
123 1919 204 1979 Ecce
219 1919 397 1981 suburbana
410 1919 535 1981 rediens
550 1921 628 1979 male
643 1919 768 1982 sobrius
782 1919 862 1984 aede

164 2003 215 2062 Ad
230 2004 335 2064 stellas
350 2002 461 2077 aliquis
477 2003 550 2063 talia
564 2002 659 2063 verba
674 2004 760 2065 iacit=

122 2086 207 2146 Zona
221 2087 294 2148 latet
307 2092 359 2146 tna
373 2103 468 2158 nuuc,
490 2094 520 2147 et
534 2102 604 2146 cras
620 2086 752 2148 sonasse
765 2087 886 2150 latebitc

164 2173 280 2234 Dehinc
294 2174 365 2248 erit,
381 2171 490 2248 Orion,
506 2170 686 2248 aspicienda
700 2173 782 2231 mihi.

121 2259 162 2315 At
177 2258 204 2316 si
219 2274 280 2319 non
295 2265 379 2316 esset
394 2262 501 2332 potus,
517 2255 648 2316 dixisset
661 2256 770 2316 eadem

71 2347 107 2400 90
164 2343 333 2401 Venturum
347 2347 468 2416 tempus
483 2338 644 2401 solstitiale
660 2339 719 2398 die,

478 2471 532 2535 27.·
551 2472 606 2533 Bc

120 2589 261 2648 Lucifero
277 2590 427 2651 subeunte
441 2590 536 2650 Lares
552 2588 680 2650 delubra
693 2589 824 2649 tulerunt

163 2673 233 2746 Hic,
254 2672 305 2734 ubi
320 2673 354 2734 fit
368 2674 460 2735 docta
473 2674 567 2733 multa
582 2688 698 2733 corona
715 2688 816 2732 manu.

120 2759 253 2832 Tempus
269 2758 350 2817 idem
365 2757 468 2818 Stator
483 2757 570 2817 aedis
585 2756 690 2830 habet,
708 2772 800 2833 quam
813 2757 962 2818 Romulus
978 2752 1049 2818 olim

165 2843 242 2900 Ante
256 2840 383 2901 Palatini
398 2841 535 2902 condidit
550 2856 606 2901 ora
619 2840 691 2916 iugi.

398 2974 450 3037 28.
472 2976 523 3036 CF
561 2973 613 3036 29.
634 2973 691 3034 DF

71 3103 107 3158 95
121 3096 178 3154 Tot
191 3100 308 3154 restant
322 3095 361 3155 de
375 3110 481 3154 mense
496 3093 579 3167 dies,
597 3098 671 3167 quot
684 3090 808 3151 nomina
821 3089 935 3162 Parcis,

162 3176 237 3238 Cum
252 3178 324 3239 data
338 3184 409 3240 sunt
422 3177 547 3238 trabeae
561 3178 689 3252 templa,
705 3175 842 3249 Quirine,
858 3179 938 3235 tuae.

477 3309 529 3372 30.
549 3308 605 3371 EG

116 3435 250 3506 Tempus
266 3430 359 3491 Iuleis
380 3447 448 3491 cras
468 3434 517 3490 est
529 3429 630 3490 natale
644 3426 808 3488 Kalendis:
856 3497 859 3500 Δ

72 3615 149 3659 om
159 3514 312 3659 Pliflrides,
328 3515 446 3591 coeptis
466 3512 571 3574 addite
585 3527 704 3573 sununa
717 3511 843 3653 meis⁸22
