2318 3960
419 220 461 294 ll,
485 217 662 283 545-618.
994 221 1056 288 237

124 371 267 434 Protinus
281 387 301 433 a
313 370 418 445 nobis,
435 387 514 448 quae
529 372 569 431 sit
582 372 642 432 dea
655 371 753 444 Muta,
769 372 919 448 requires.

166 456 273 531 Disce,
289 455 501 531 perantiquus
517 455 683 531 quaemihi
698 462 771 516 nota
783 471 886 516 senes.

55 549 109 605 ⁶85
124 539 278 618 luppiter,
293 540 440 600 indomito
455 541 597 599 Iuturnae
612 545 722 614 captus
736 554 850 612 amore,

164 624 261 685 Multa
274 623 340 683 tulit
352 628 436 684 tauto
451 639 513 683 non
526 621 672 698 patienda
687 622 756 682 deo.

121 708 178 768 Illa
193 707 286 766 modo
302 706 333 766 in
347 707 434 767 silvis
450 708 529 766 inter
542 707 680 783 coryleta
699 705 821 780 latebat,

10 853 12 863 ,
162 791 249 851 Nunc
263 791 295 850 in
307 799 454 865 cognatas
469 789 630 850 desiliebat
644 806 752 864 aquas.

10 868 14 900 ³
124 874 281 935 Convocat
294 874 344 934 lric
358 875 529 953 nymphas,
545 873 664 934 Latium
678 889 890 951 quaecumque
903 877 1054 956 tenebant,
1077 864 1083 875 ’

55 963 109 1018 590
164 957 203 1018 Et
216 958 287 1018 iacit
300 957 331 1017 in
344 958 446 1019 rnediu
461 958 534 1018 talia
549 957 643 1018 verba
658 955 768 1017 choros

123 1042 257 1101 ‘invidet
270 1043 341 1118 ipsa
354 1042 427 1118 sibi,
447 1043 595 1117 vitatque,
612 1040 697 1117 quod
712 1042 839 1117 expedit
851 1043 904 1119 illi,

163 1125 277 1185 Vestra
291 1142 398 1201 soror,
414 1141 534 1188 summo
550 1125 676 1200 iungere
690 1125 827 1187 membra
841 1127 911 1188 deo.

123 1207 282 1269 consulite
296 1209 461 1271 ambobus!
491 1225 562 1270 narn
576 1224 656 1284 quae
670 1223 740 1269 mea
754 1225 867 1285 magna
880 1212 1033 1289 valuptas,

161 1291 282 1354 Utilitas
297 1300 419 1354 vestrae
434 1294 531 1370 prima
545 1293 663 1354 sororis
678 1292 743 1352 erit.

10 1445 12 1450 ,
57 1385 109 1440 595
124 1376 192 1435 Vos
207 1376 250 1436 illi
264 1377 295 1436 in
316 1377 412 1453 prima
426 1378 553 1453 fugienti
569 1377 708 1438 obsistite
721 1376 798 1451 ripa,

10 1463 14 1473 “
162 1460 207 1519 Ne
222 1476 280 1521 sua
293 1458 440 1521 fluminea
454 1477 587 1537 corpora
600 1469 716 1536 mergat
730 1464 833 1535 aqua?

125 1542 256 1603 Dixerat.
284 1544 456 1605 adnuerant
470 1561 576 1605 omnes
590 1543 780 1604 Tiberinides
793 1544 883 1619 udae,

164 1625 310 1702 Quaeque
325 1629 429 1690 colunt
441 1629 607 1703 thalamos,
623 1629 678 1688 Ilia
692 1628 778 1702 diva,
793 1633 874 1688 tuos.

120 1710 212 1772 Forte
226 1711 282 1774 luit
298 1712 381 1786 nais,
396 1713 475 1772 Lara
489 1712 621 1772 nomine.
650 1713 747 1787 puina
761 1712 819 1772 sed
833 1712 874 1771 illi

55 1807 109 1862 600
166 1793 255 1855 Dicta
266 1793 316 1855 bis
331 1796 487 1870 antiquum
502 1796 623 1872 syllaba
635 1811 748 1855 numen
763 1802 835 1869 erat,

121 1877 169 1937 Ex
184 1877 257 1938 vitiu
272 1880 415 1954 positum.
446 1877 547 1954 Saepe
562 1879 603 1937 illi
620 1878 739 1938 dixerut
751 1878 843 1939 Almo

161 1960 263 2036 Data,
278 1967 349 2022 tene
363 1962 525 2036 linguam,’
541 1977 599 2021 nec
612 1967 714 2021 tamen
728 1961 781 2020 illa
794 1967 886 2024 tenet.

122 2044 208 2119 Quae
222 2045 312 2105 simul
326 2061 364 2105 ac
377 2045 474 2120 tetigit
486 2047 630 2107 Iuturnae
644 2051 754 2118 stagna
768 2048 894 2121 suroris,

164 2128 296 2202 ‘Effuge’
311 2129 353 2188 ait
369 2129 465 2205 ‘ripas
473 2131 494 2186 ι’
510 2128 592 2188 dicta
604 2128 761 2202 refertque
775 2128 868 2189 lovis

58 2220 112 2278 eun
125 2212 180 2272 llla
195 2212 285 2271 etiam
297 2213 445 2274 Iunonem
459 2212 547 2287 adiit,
561 2211 767 2286 miserataque
781 2221 901 2290 nuptae,

163 2295 272 2356 ‘Naida
286 2297 440 2357 Iuturnam
454 2296 501 2356 vir
515 2299 598 2358 tuus’
613 2295 711 2370 inquit
724 2299 839 2355 ‘amat’

120 2380 257 2455 Iuppiter
269 2380 421 2454 intumult,
441 2397 565 2456 quaque
579 2388 702 2443 estnon
715 2395 773 2441 usa
787 2381 935 2457 modeste,

160 2463 278 2539 Eripuit
291 2464 440 2541 linguam,
455 2465 702 2540 Mercuriumque
716 2471 816 2524 vocat,

122 2547 201 2608 ‘Duc
214 2547 294 2608 hane
308 2550 349 2609 ad
364 2565 480 2609 manes.
510 2549 598 2609 locus
616 2549 667 2608 ille
681 2548 841 2610 silentibus
856 2559 955 2626 aptus.

54 2647 109 2701 610
163 2630 319 2709 Nympha,
335 2634 392 2693 sed
406 2634 544 2693 infernae
558 2632 695 2712 nympha
710 2634 831 2708 paludis
851 2635 927 2694 erit’

122 2716 212 2774 Iussa
226 2716 309 2776 lovis
323 2717 407 2779 fiunt.
435 2719 555 2793 accepit
568 2720 655 2778 lucus
671 2724 789 2777 euntes.

161 2798 276 2859 Dicitur
289 2800 342 2860 illa
360 2801 429 2861 duci
444 2807 516 2861 tunc
531 2801 686 2877 placuisse
701 2801 770 2862 deu.

120 2882 189 2940 Vim
204 2890 292 2959 parat
305 2884 370 2957 hic,
386 2886 469 2944 voltu
486 2901 541 2960 pro
555 2884 659 2945 verbis
674 2884 725 2943 illa
741 2893 891 2961 precatur,
1000 2956 1004 2960 v

161 2965 198 3025 El
213 2968 326 3028 trustra
338 2975 421 3028 mutu
437 2968 540 3029 nititur
554 2985 607 3031 ure
621 2968 716 3042 loqui.

56 3056 108 3111 615
122 3048 231 3125 Fitque
245 3052 363 3126 gravis,
379 3052 580 3129 geminosque
595 3051 688 3128 parit,
713 3050 764 3125 qui
779 3053 912 3128 compita
925 3071 1046 3119 servan.

163 3133 200 3193 ln
213 3135 339 3210 vigilant
357 3143 463 3197 nostra
477 3152 600 3213 semper
612 3137 643 3196 in
657 3135 747 3208 urbe,
763 3135 867 3196 Lares.

475 3269 527 3330 22.
548 3268 604 3328 Dc

120 3385 263 3449 Proxima
277 3389 398 3465 cognati
412 3389 518 3450 dixere
533 3389 660 3450 Caristia
675 3392 746 3467 cari,

162 3471 200 3532 nt
214 3472 298 3533 venit
312 3472 351 3532 ad
365 3473 469 3534 socios
483 3472 572 3536 turba
585 3475 761 3551 propinqua
774 3476 861 3536 deus.
