2318 3960
127 228 188 294 148
516 231 575 292 EX
596 231 744 292 ΡΟΝΤΟ

250 384 412 443 Arcturum
432 383 512 443 subii
527 383 748 458 Pleiadumque
764 383 875 443 minas.

211 466 313 541 Saepe
331 468 432 527 solent
445 467 574 527 hiemem
591 468 744 542 placatam
758 467 873 527 sentire
888 469 1028 530 caunac:

161 559 195 613 60
251 551 318 610 Nou
334 551 457 609 Ithacae
472 551 569 626 puppi
586 552 711 611 saevior
724 550 808 610 unda
826 550 891 610 tuit

210 637 304 695 Recta
324 635 402 694 fides
424 634 567 694 comitum
581 641 701 710 poterat
717 635 797 694 maia
812 640 919 694 nostra
933 636 1058 699 levare:

251 718 351 777 Ditata
365 724 413 777 est
427 718 534 792 spoliis
550 718 670 793 perfida
684 717 774 779 turba
788 719 876 778 meis.

209 803 311 861 Mitius
327 802 450 861 exilium
466 801 580 862 iaciunt
593 804 675 862 loca.
700 802 815 862 tristior
829 803 889 862 ista

250 887 343 944 Terra
358 885 415 946 sub
432 885 582 945 ambobus
598 902 660 945 non
678 887 758 946 iacet
772 886 833 946 utta
851 885 932 961 polis

160 975 194 1031 65
209 970 264 1029 Est
279 969 410 1044 aliquid,
430 970 537 1045 patriis
555 969 686 1029 vicinum
702 969 815 1030 tinibus
834 985 925 1030 esset
1138 1006 1148 1065 ,-

250 1052 361 1113 UltIma
375 1069 423 1111 me
442 1053 548 1126 teltuS,
564 1054 687 1113 ultimus
703 1052 787 1112 orbis
802 1053 903 1113 habet

208 1136 345 1196 Praestat
361 1145 391 1195 et
407 1135 548 1196 exulibus
565 1152 675 1211 pacem
689 1144 741 1196 tua
755 1131 877 1210 taurea,
897 1136 1016 1197 Cacsar

250 1220 375 1279 Pontica
390 1221 516 1280 finitimo
532 1228 611 1280 terra
626 1220 683 1281 sub
698 1219 787 1279 hoste
801 1220 890 1279 iacet

207 1307 341 1379 Tempus
361 1305 390 1362 iu
407 1321 550 1379 agrorum
566 1306 647 1364 cuitu
662 1319 844 1364 consumere
859 1302 952 1364 dulce
969 1310 1035 1364 est:

158 1400 194 1455 70
249 1389 315 1448 Non
331 1389 444 1463 patitur
459 1389 536 1448 verti
550 1387 700 1465 barbarus
717 1387 815 1448 hostis
830 1387 967 1448 humum.

208 1472 367 1547 Temperie
383 1472 458 1531 caeti
474 1486 649 1547 corpusque
665 1471 848 1546 animusque
861 1471 1007 1532 iuvantur

249 1556 376 1630 Frigore
390 1563 539 1631 perpetuo
557 1554 705 1615 Sarmatis
722 1571 776 1616 ora
790 1553 878 1629 riget
1143 1612 1149 1631 ,

207 1641 263 1700 Est
276 1640 307 1697 in
327 1655 409 1713 aqua
424 1639 505 1699 dulci
520 1656 580 1699 non
596 1639 751 1700 invidiosa
765 1639 909 1713 voluptas
1140 1670 1146 1755 Ι

250 1725 416 1796 Aequoreo
431 1721 544 1782 bibitur
559 1739 627 1783 cum
642 1723 707 1782 sale
723 1722 816 1781 mixta
831 1722 931 1796 patus.

155 1814 189 1869 75
205 1805 311 1866 Omnia
326 1806 479 1866 deficiunt.
496 1806 625 1867 Animus
640 1814 740 1866 tamen
761 1807 863 1865 omnia
875 1805 971 1864 vincit

249 1891 303 1949 Itle
323 1891 413 1951 etiam
428 1890 510 1949 vires
526 1897 640 1965 corpus
655 1890 770 1948 habere
789 1889 870 1948 iacit.

209 1975 368 2035 Sustineas
390 1982 532 2049 uterus,
553 1974 707 2033 nitendum
725 1973 839 2031 vertice
854 1973 947 2046 pleno
967 1979 1023 2045 cst,

248 2060 309 2117 Aut
324 2058 406 2118 flecti
423 2073 538 2117 nervos
554 2058 580 2117 si
597 2057 726 2131 patiere,
744 2055 843 2115 cadet.

208 2140 288 2215 Spes
305 2157 446 2216 quoque,
463 2157 559 2216 posse
573 2156 660 2200 mora
673 2142 837 2201 mitescere
851 2139 1001 2216 principis
1015 2140 1097 2212 iram,

155 2235 190 2289 80
245 2226 359 2284 Vivere
374 2241 414 2284 ne
429 2225 521 2284 nolim
538 2225 755 2298 deiciamque,
777 2228 875 2283 cavet.

205 2308 268 2367 Nec
282 2325 341 2367 vos
355 2325 453 2384 parva
468 2309 547 2368 datis
564 2309 654 2382 pauci
670 2307 787 2367 solacia
801 2306 901 2381 nobis,

249 2392 383 2465 Quorum
397 2398 537 2467 spectata
552 2399 600 2451 est
614 2408 671 2467 per
685 2391 765 2450 mala
779 2397 885 2450 nostra
899 2390 991 2451 fides.

207 2474 323 2550 Coepta
338 2482 416 2547 tene,
435 2490 563 2551 quaeso,
580 2491 682 2551 neque
696 2475 726 2534 in
741 2489 878 2550 aequore
894 2474 1005 2535 desere
1019 2489 1127 2545 navem

248 2559 360 2634 Meque
375 2559 464 2619 simut
480 2575 572 2619 serva
587 2559 794 2632 iudiciumque
808 2565 902 2618 tuum.

1143 438 1153 483 1

533 2701 738 2711 ——-.—--

154 2739 196 2836 8.
255 2778 447 2840 corrau.

206 2859 367 2983 Redditus
386 2903 434 2955 est
449 2894 539 2954 nobis
559 2894 673 2954 Caesar
689 2910 758 2955 cum
776 2894 909 2956 Caesare
923 2911 1030 2972 nuper,
1143 2946 1146 2962 ,

249 2980 332 3054 Quos
347 2979 419 3039 mihi
439 2978 562 3051 misisti,
578 2978 710 3038 Maxime
726 2977 827 3052 cotta,
845 2979 934 3042 deos.
1061 3012 1065 3021 ·
1132 2978 1147 3045 t

205 3063 307 3139 thue
324 3070 409 3124 tuurn
424 3077 535 3122 munus
547 3077 721 3135 numerum,
739 3078 830 3137 quern
845 3061 953 3136 debet,
970 3061 1101 3135 haberet,

248 3147 304 3207 Est
322 3146 364 3206 ibi
379 3147 563 3208 Caesaribus
578 3146 665 3205 Livia
680 3145 783 3207 iuncta
797 3146 872 3208 suis.

177 3241 194 3291 5
208 3231 376 3306 Argentum
392 3231 466 3290 ielix
485 3232 628 3306 omnique
644 3229 763 3291 beatius
777 3246 863 3305 auro,

249 3312 338 3386 Quod
356 3314 446 3375 iuerit
460 3315 590 3390 pretium
605 3330 673 3374 curn
689 3314 781 3391 rude,
796 3329 907 3376 numen
924 3314 1026 3376 habet.

206 3396 272 3457 Non
288 3398 360 3456 mihi
376 3397 498 3458 divitias
513 3399 615 3459 dando
632 3398 747 3459 maiora
761 3398 915 3473 dedisses,

250 3481 413 3541 caelitibus
432 3481 535 3543 missis
551 3489 656 3549 nostra
673 3483 730 3544 sub
746 3499 801 3544 ora
816 3482 926 3545 tribus.
