2318 3960
396 246 431 321 n,
453 241 609 321 noo-111,
632 245 660 321 1,
684 245 735 310 ot.
1029 244 1072 315 37

185 397 316 459 Molliter
329 397 360 456 iu
375 397 472 472 patria
486 397 591 457 vivere
605 415 702 475 posse
716 407 778 461 tua.

91 492 128 545 25
143 483 209 544 Duc
223 485 296 559 aget
330 497 462 555 namque
476 498 604 558 sequar,
625 485 766 559 quamvis
779 492 921 561 terraque
935 485 1071 561 marique

184 565 365 642 Longinquo
380 566 510 626 referam
524 567 626 626 lassus
642 567 680 626 ab
696 569 770 629 orbe
784 570 917 644 pedem?

143 649 258 723 Paruit,
274 655 304 709 et
319 650 435 710 ducens
457 650 552 710 ‘Haec
567 659 638 711 sunt
652 652 718 713 sora
734 653 894 727 Caesaris,’
911 654 1008 729 inquit

185 734 279 794 ‘Haec
294 741 342 794 est
356 749 374 793 a
388 735 486 795 sacris
499 749 578 809 quae
595 736 644 794 via
658 752 769 796 nomeu
784 737 884 810 habet,

143 817 199 877 iiic
213 818 309 895 locus,
315 825 362 878 est
377 818 504 890 Vestae,
522 818 574 893 qui
588 817 712 879 Pallada
727 829 829 880 servat
843 828 873 880 et
886 821 995 895 ignem,

95 910 132 964 ³0
186 901 243 961 Hic
258 900 312 963 fuit
326 901 443 977 antiqui
458 902 542 976 regia
557 918 653 978 parva
668 903 805 963 Numae?

143 985 218 1044 Inde
232 991 339 1059 petens
354 986 492 1046 dextram
512 986 613 1046 ‘Porta
627 992 684 1046 est’
701 987 743 1047 ait
757 987 828 1048 ‘ista
841 988 944 1061 Palati,

183 1068 240 1128 Hic
255 1067 371 1142 Stator,
388 1069 447 1128 hoc
463 1069 593 1145 primum
609 1069 733 1131 condita
747 1071 846 1132 Roma
859 1071 928 1132 ioco
944 1076 1013 1131 est!

118 1181 123 1188 ·
143 1151 269 1226 Singula
284 1153 355 1212 dum
370 1153 477 1228 miror,
493 1153 584 1213 video
599 1153 784 1228 fulgentibus
800 1155 892 1214 armis

83 1293 85 1295 ,
182 1233 373 1311 conspicuos
389 1244 495 1312 postes
512 1244 651 1310 tectaque
667 1237 760 1312 digna
775 1239 845 1298 deo.

92 1326 127 1380 35
142 1318 191 1378 ‘Et
201 1317 284 1380 Iovis
297 1320 384 1379 haec’
396 1320 459 1380 dixi
470 1321 593 1381 ‘domus
607 1325 684 1382 este’
702 1322 786 1397 quod
796 1328 828 1382 ut
840 1336 911 1381 esse
923 1329 1067 1397 putarem,

180 1403 350 1477 Augurium
364 1406 454 1465 menti
472 1420 587 1481 querna
602 1418 717 1464 corona
732 1404 833 1465 dabat.

142 1486 234 1546 Cuius
250 1492 281 1546 ut
295 1486 401 1562 accepi
417 1488 587 1563 dominum,
608 1487 686 1548 ‘Non
702 1488 845 1548 fallimur
861 1489 985 1564 iuquam

184 1569 231 1628 ‘iit
245 1572 346 1645 magni
363 1587 467 1630 verum
481 1578 529 1632 est
542 1572 621 1631 hanc
636 1572 718 1632 iovis
733 1588 806 1634 esse
821 1574 953 1633 douram.

143 1652 202 1712 Cur
217 1661 316 1714 tamen
331 1656 475 1730 apposita
490 1655 607 1715 velatur
620 1655 711 1715 ianua
727 1656 822 1730 lauro,

93 1744 128 1799 to
147 1762 154 1766 ··
183 1735 281 1811 cingit
294 1744 325 1798 et
339 1744 484 1813 augustas
505 1738 598 1800 arbor
612 1753 710 1815 opaca
725 1746 854 1801 comas?

141 1819 217 1880 Num
233 1819 303 1895 quia
318 1829 484 1898 perpetuos
499 1823 608 1882 meruit
622 1823 731 1883 domus
747 1823 806 1883 ista
819 1822 998 1898 triumphos

177 1904 226 1963 An
242 1903 314 1978 quia
328 1905 482 1966 Leucadio
498 1921 621 1980 semper
634 1911 734 1965 amata
748 1907 807 1966 deo
823 1912 891 1967 estt

140 1987 252 2060 ipsane
267 1988 351 2062 quod
366 1989 444 2048 resta
458 1995 519 2061 est,
536 2005 574 2048 an
590 1989 674 2062 quod
689 1989 762 2049 iacit
776 1989 878 2049 omnia
893 1989 991 2049 festae

181 2069 277 2145 Quam
291 2069 393 2131 tribuit
408 2071 511 2144 terris,
527 2072 614 2146 pacis
630 2087 668 2130 aa
683 2071 742 2132 ista
757 2079 829 2132 nota
844 2078 911 2132 est?

91 2163 124 2216 45
140 2153 241 2228 thue
255 2153 332 2214 viret
345 2169 468 2230 semper
482 2155 584 2214 laurus
600 2170 656 2214 nec
672 2155 780 2217 fronde
795 2156 912 2216 caduca

182 2237 333 2313 Carpitur,
352 2247 507 2298 aeternum
522 2238 568 2298 sic
583 2238 674 2299 habet
689 2239 740 2299 iila
755 2240 871 2301 decus?

141 2321 240 2381 Causa
254 2322 469 2397 superpositae
484 2323 598 2397 scripto
614 2329 741 2382 testante
757 2338 890 2384 coronae

183 2403 329 2466 Servatus
344 2407 429 2464 cives
445 2404 559 2467 indicat
573 2405 664 2466 huius
682 2423 751 2482 ope.

140 2487 237 2547 Adice
252 2488 381 2549 servatis
396 2505 504 2563 unum,
520 2495 607 2563 pater
621 2491 749 2564 optime,
769 2490 876 2562 civem,
991 2528 994 2534 ·

89 2582 125 2633 oo
180 2571 234 2645 Qui
249 2573 358 2647 procul
373 2579 508 2632 extremo
523 2573 631 2647 pulsus
647 2573 677 2632 iu
694 2572 768 2637 orbe
783 2574 868 2634 latet:

138 2656 171 2714 In
188 2670 249 2729 quo
264 2671 448 2731 poenarum,
471 2671 547 2730 quas
563 2672 598 2715 se
612 2656 762 2716 meruisse
778 2658 896 2727 fatetur,

179 2738 245 2798 Non
261 2739 379 2800 facinus
395 2754 536 2814 causam,
552 2739 608 2799 sed
623 2755 699 2799 suus
715 2755 800 2799 error
815 2738 915 2799 habet.

138 2822 189 2880 Me
202 2821 361 2883 miserum!
383 2838 554 2897 vereorque
568 2823 670 2882 iocum
685 2838 856 2898 vereorque
870 2826 1034 2898 potentem,

176 2906 214 2965 ut
228 2907 361 2980 quatitur
376 2907 493 2981 trepido
510 2907 608 2967 littera
622 2913 728 2966 nostra
743 2914 834 2967 metu.

88 2997 123 3049 55
137 2989 262 3062 Aspicis
278 2991 409 3066 exangui
424 2989 557 3050 chartam
572 2990 687 3064 pallere
703 2992 827 3050 coloret

179 3072 304 3148 Aspicis
319 3074 453 3133 alternos
468 3072 662 3133 intremuisse
677 3074 796 3148 pedes?

139 3154 413 3232 Quandocumque,
430 3172 554 3232 precor,
570 3162 675 3215 nostro
691 3156 813 3230 placata
827 3156 944 3231 parenti

178 3239 281 3299 isdem
295 3241 353 3301 sub
369 3240 500 3300 dominis
522 3239 673 3315 aspiciare
689 3240 826 3300 domust’

139 3322 214 3381 Inde
229 3329 334 3384 tenore
351 3325 417 3400 pari
431 3322 577 3400 gradibus
595 3322 735 3383 sublimia
749 3323 840 3384 celsis

89 3414 125 3468 60
179 3407 282 3467 Ducor
296 3407 336 3467 ad
352 3407 464 3469 intonsi
480 3406 611 3467 candida
625 3408 738 3482 templa
753 3408 811 3480 dei,

138 3487 233 3565 Signa
249 3489 418 3566 peregrinis
433 3489 485 3550 ubi
500 3496 570 3550 sunt
585 3491 700 3551 alterna
715 3488 863 3551 columnis
