<?xml version="1.0" encoding="UTF-8"?>
<!DOCTYPE html PUBLIC "-//W3C//DTD XHTML 1.0 Transitional//EN"
    "http://www.w3.org/TR/xhtml1/DTD/xhtml1-transitional.dtd">
<html xmlns="http://www.w3.org/1999/xhtml" xml:lang="en" lang="en">
 <head>
  <title>
</title>
<meta http-equiv="Content-Type" content="text/html;charset=utf-8" />
  <meta name='ocr-system' content='tesseract 3.04.00' />
  <meta name='ocr-capabilities' content='ocr_page ocr_carea ocr_par ocr_line ocrx_word'/>
</head>
<body>
  <div class='ocr_page' id='page_1' title='image "./povidiusnasoexr00merkgoog_0090.png"; bbox 0 0 2318 3960; ppageno 0'>
   <div class='ocr_carea' id='block_1_1' title="bbox 386 200 736 278">
    <p class='ocr_par' dir='ltr' id='par_1_1' title="bbox 386 200 736 278">
     <span class='ocr_line' id='line_1_1' title="bbox 386 200 736 278; baseline 0.006 -20"><span class='ocrx_word' id='word_1_1' title='bbox 386 202 442 275; x_wconf 84' lang='lat' dir='ltr'>tv,</span> <span class='ocrx_word' id='word_1_2' title='bbox 464 200 499 275; x_wconf 82' lang='lat'>9,</span> <span class='ocrx_word' id='word_1_3' title='bbox 522 201 663 278; x_wconf 76' lang='lat'><strong>27-10,</strong></span> <span class='ocrx_word' id='word_1_4' title='bbox 685 203 736 265; x_wconf 83' lang='lat'>69.</span> 
     </span>
    </p>
   </div>
   <div class='ocr_carea' id='block_1_2' title="bbox 86 352 1076 3530">
    <p class='ocr_par' dir='ltr' id='par_1_2' title="bbox 86 352 1076 3530">
     <span class='ocr_line' id='line_1_2' title="bbox 181 352 821 431; baseline -0.006 -15"><span class='ocrx_word' id='word_1_5' title='bbox 181 355 255 416; x_wconf 80' lang='lat' dir='ltr'>cum</span> <span class='ocrx_word' id='word_1_6' title='bbox 270 355 362 431; x_wconf 86' lang='lat' dir='ltr'>perit,</span> <span class='ocrx_word' id='word_1_7' title='bbox 378 362 409 414; x_wconf 92' lang='lat' dir='ltr'>et</span> <span class='ocrx_word' id='word_1_8' title='bbox 424 355 513 430; x_wconf 89' lang='lat' dir='ltr'>coepi</span> <span class='ocrx_word' id='word_1_9' title='bbox 528 361 616 430; x_wconf 86' lang='lat' dir='ltr'>parte</span> <span class='ocrx_word' id='word_1_10' title='bbox 632 369 738 414; x_wconf 87' lang='lat' dir='ltr'>carere</span> <span class='ocrx_word' id='word_1_11' title='bbox 754 352 821 416; x_wconf 88' lang='lat' dir='ltr'>mei.</span> 
     </span>
     <span class='ocr_line' id='line_1_3' title="bbox 141 439 883 514; baseline -0.003 -14"><span class='ocrx_word' id='word_1_12' title='bbox 141 440 284 514; x_wconf 84' lang='lat' dir='ltr'><strong>Cepimus</strong></span> <span class='ocrx_word' id='word_1_13' title='bbox 299 445 330 498; x_wconf 90' lang='lat' dir='ltr'>et</span> <span class='ocrx_word' id='word_1_14' title='bbox 343 445 467 500; x_wconf 81' lang='lat' dir='ltr'>tenerae</span> <span class='ocrx_word' id='word_1_15' title='bbox 483 439 599 514; x_wconf 89' lang='lat' dir='ltr'>primos</span> <span class='ocrx_word' id='word_1_16' title='bbox 614 439 722 498; x_wconf 88' lang='lat' dir='ltr'>aetatis</span> <span class='ocrx_word' id='word_1_17' title='bbox 737 439 883 512; x_wconf 85' lang='lat' dir='ltr'>bonores,</span> 
     </span>
     <span class='ocr_line' id='line_1_4' title="bbox 180 521 892 599; baseline -0.001 -17"><span class='ocrx_word' id='word_1_18' title='bbox 180 524 289 598; x_wconf 87' lang='lat' dir='ltr'>Deque</span> <span class='ocrx_word' id='word_1_19' title='bbox 305 523 378 582; x_wconf 90' lang='lat' dir='ltr'>viris</span> <span class='ocrx_word' id='word_1_20' title='bbox 395 522 549 599; x_wconf 87' lang='lat' dir='ltr'>quondam</span> <span class='ocrx_word' id='word_1_21' title='bbox 565 537 639 597; x_wconf 87' lang='lat' dir='ltr'>pars</span> <span class='ocrx_word' id='word_1_22' title='bbox 652 521 748 583; x_wconf 87' lang='lat' dir='ltr'>tribus</span> <span class='ocrx_word' id='word_1_23' title='bbox 763 538 825 584; x_wconf 89' lang='lat' dir='ltr'>unu</span> <span class='ocrx_word' id='word_1_24' title='bbox 840 521 892 582; x_wconf 88' lang='lat' dir='ltr'>lui.</span> 
     </span>
     <span class='ocr_line' id='line_1_5' title="bbox 87 605 854 671; baseline -0.012 0"><span class='ocrx_word' id='word_1_25' title='bbox 87 618 123 671; x_wconf 80' lang='lat' dir='ltr'>&#39;ss</span> <span class='ocrx_word' id='word_1_26' title='bbox 139 607 229 666; x_wconf 87' lang='lat' dir='ltr'>Curia</span> <span class='ocrx_word' id='word_1_27' title='bbox 242 607 387 667; x_wconf 87' lang='lat' dir='ltr'>restabat.</span> <span class='ocrx_word' id='word_1_28' title='bbox 420 605 498 665; x_wconf 88' lang='lat' dir='ltr'>clavi</span> <span class='ocrx_word' id='word_1_29' title='bbox 512 621 657 666; x_wconf 85' lang='lat' dir='ltr'>mensura</span> <span class='ocrx_word' id='word_1_30' title='bbox 672 613 780 666; x_wconf 85' lang='lat' dir='ltr'>coacta</span> <span class='ocrx_word' id='word_1_31' title='bbox 792 611 854 665; x_wconf 81' lang='lat' dir='ltr'>est:</span> 
     </span>
     <span class='ocr_line' id='line_1_6' title="bbox 180 689 811 752; baseline -0.002 -3"><span class='ocrx_word' id='word_1_32' title='bbox 180 689 279 750; x_wconf 87' lang='lat' dir='ltr'>Maius</span> <span class='ocrx_word' id='word_1_33' title='bbox 294 696 360 750; x_wconf 88' lang='lat' dir='ltr'>erat</span> <span class='ocrx_word' id='word_1_34' title='bbox 373 689 487 752; x_wconf 88' lang='lat' dir='ltr'>nostris</span> <span class='ocrx_word' id='word_1_35' title='bbox 501 689 618 750; x_wconf 90' lang='lat' dir='ltr'>viribus</span> <span class='ocrx_word' id='word_1_36' title='bbox 634 689 708 750; x_wconf 90' lang='lat' dir='ltr'>illud</span> <span class='ocrx_word' id='word_1_37' title='bbox 723 705 811 750; x_wconf 89' lang='lat' dir='ltr'>onus.</span> 
     </span>
     <span class='ocr_line' id='line_1_7' title="bbox 138 771 938 849; baseline -0.001 -15"><span class='ocrx_word' id='word_1_38' title='bbox 138 775 201 834; x_wconf 88' lang='lat' dir='ltr'>Neu</span> <span class='ocrx_word' id='word_1_39' title='bbox 216 772 336 849; x_wconf 81' lang='lat' dir='ltr'>patiens</span> <span class='ocrx_word' id='word_1_40' title='bbox 351 788 481 849; x_wconf 79' lang='lat' dir='ltr'>eorpus,</span> <span class='ocrx_word' id='word_1_41' title='bbox 495 788 553 833; x_wconf 90' lang='lat' dir='ltr'>nec</span> <span class='ocrx_word' id='word_1_42' title='bbox 573 789 660 833; x_wconf 92' lang='lat' dir='ltr'>mens</span> <span class='ocrx_word' id='word_1_43' title='bbox 676 773 731 834; x_wconf 89' lang='lat' dir='ltr'>luit</span> <span class='ocrx_word' id='word_1_44' title='bbox 744 779 817 848; x_wconf 89' lang='lat' dir='ltr'>apta</span> <span class='ocrx_word' id='word_1_45' title='bbox 830 771 938 846; x_wconf 83' lang='lat' dir='ltr'>labori,</span> 
     </span>
     <span class='ocr_line' id='line_1_8' title="bbox 182 857 799 932; baseline -0.005 -14"><span class='ocrx_word' id='word_1_46' title='bbox 182 857 399 932; x_wconf 78' lang='lat' dir='ltr'>Solliciteoquo</span> <span class='ocrx_word' id='word_1_47' title='bbox 413 859 506 931; x_wconf 86' lang='lat' dir='ltr'>lugax</span> <span class='ocrx_word' id='word_1_48' title='bbox 520 857 693 918; x_wconf 82' lang='lat' dir='ltr'>ambitionis</span> <span class='ocrx_word' id='word_1_49' title='bbox 708 873 799 916; x_wconf 87' lang='lat' dir='ltr'>eram.</span> 
     </span>
     <span class='ocr_line' id='line_1_9' title="bbox 138 940 834 1016; baseline -0.001 -15"><span class='ocrx_word' id='word_1_50' title='bbox 138 942 176 1001; x_wconf 79' lang='lat' dir='ltr'>Et</span> <span class='ocrx_word' id='word_1_51' title='bbox 190 947 296 1016; x_wconf 87' lang='lat' dir='ltr'>petere</span> <span class='ocrx_word' id='word_1_52' title='bbox 309 941 429 1000; x_wconf 73' lang='lat' dir='ltr'>Aoniae</span> <span class='ocrx_word' id='word_1_53' title='bbox 447 940 620 1000; x_wconf 85' lang='lat' dir='ltr'>suadebant</span> <span class='ocrx_word' id='word_1_54' title='bbox 632 948 696 1002; x_wconf 87' lang='lat' dir='ltr'>tuta</span> <span class='ocrx_word' id='word_1_55' title='bbox 710 956 834 1001; x_wconf 90' lang='lat' dir='ltr'>sorores</span> 
     </span>
     <span class='ocr_line' id='line_1_10' title="bbox 86 1025 740 1099; baseline -0.005 -13"><span class='ocrx_word' id='word_1_56' title='bbox 86 1043 124 1093; x_wconf 79' lang='lat'>40</span> <span class='ocrx_word' id='word_1_57' title='bbox 182 1025 263 1098; x_wconf 87' lang='lat' dir='ltr'>Otia,</span> <span class='ocrx_word' id='word_1_58' title='bbox 280 1025 393 1086; x_wconf 86' lang='lat' dir='ltr'>iudicio</span> <span class='ocrx_word' id='word_1_59' title='bbox 409 1039 533 1099; x_wconf 81' lang='lat' dir='ltr'>semper</span> <span class='ocrx_word' id='word_1_60' title='bbox 547 1032 648 1085; x_wconf 84' lang='lat' dir='ltr'>amata</span> <span class='ocrx_word' id='word_1_61' title='bbox 661 1041 740 1085; x_wconf 88' lang='lat' dir='ltr'>meo.</span> 
     </span>
     <span class='ocr_line' id='line_1_11' title="bbox 139 1107 858 1184; baseline -0.001 -15"><span class='ocrx_word' id='word_1_62' title='bbox 139 1108 301 1184; x_wconf 86' lang='lat' dir='ltr'>Temporis</span> <span class='ocrx_word' id='word_1_63' title='bbox 310 1107 392 1169; x_wconf 85' lang='lat' dir='ltr'>illius</span> <span class='ocrx_word' id='word_1_64' title='bbox 406 1108 487 1168; x_wconf 85' lang='lat' dir='ltr'>colui</span> <span class='ocrx_word' id='word_1_65' title='bbox 498 1108 624 1183; x_wconf 83' lang='lat' dir='ltr'>fovique</span> <span class='ocrx_word' id='word_1_66' title='bbox 638 1116 757 1184; x_wconf 88' lang='lat' dir='ltr'>poetas,</span> <span class='ocrx_word' id='word_1_67' title='bbox 855 1141 858 1148; x_wconf 87' lang='lat'>·</span> 
     </span>
     <span class='ocr_line' id='line_1_12' title="bbox 182 1191 919 1268; baseline -0.003 -16"><span class='ocrx_word' id='word_1_68' title='bbox 182 1193 322 1268; x_wconf 84' lang='lat' dir='ltr'>Quotque</span> <span class='ocrx_word' id='word_1_69' title='bbox 337 1193 465 1253; x_wconf 85' lang='lat' dir='ltr'>aderant</span> <span class='ocrx_word' id='word_1_70' title='bbox 480 1197 583 1265; x_wconf 82' lang='lat' dir='ltr'>vates,</span> <span class='ocrx_word' id='word_1_71' title='bbox 599 1191 689 1251; x_wconf 88' lang='lat' dir='ltr'>rebar</span> <span class='ocrx_word' id='word_1_72' title='bbox 703 1193 816 1253; x_wconf 82' lang='lat' dir='ltr'><strong>adesse</strong></span> <span class='ocrx_word' id='word_1_73' title='bbox 832 1191 919 1251; x_wconf 78' lang='lat' dir='ltr'>deos</span> 
     </span>
     <span class='ocr_line' id='line_1_13' title="bbox 141 1275 942 1351; baseline -0.006 -15"><span class='ocrx_word' id='word_1_74' title='bbox 141 1275 243 1351; x_wconf 87' lang='lat' dir='ltr'>Saepe</span> <span class='ocrx_word' id='word_1_75' title='bbox 259 1290 333 1336; x_wconf 86' lang='lat' dir='ltr'>suas</span> <span class='ocrx_word' id='word_1_76' title='bbox 352 1276 495 1336; x_wconf 88' lang='lat' dir='ltr'>volueres</span> <span class='ocrx_word' id='word_1_77' title='bbox 511 1275 584 1349; x_wconf 90' lang='lat' dir='ltr'>legit</span> <span class='ocrx_word' id='word_1_78' title='bbox 600 1275 672 1334; x_wconf 89' lang='lat' dir='ltr'>milri</span> <span class='ocrx_word' id='word_1_79' title='bbox 688 1276 834 1350; x_wconf 79' lang='lat' dir='ltr'>grandior</span> <span class='ocrx_word' id='word_1_80' title='bbox 853 1287 942 1347; x_wconf 86' lang='lat' dir='ltr'>aevo,</span> 
     </span>
     <span class='ocr_line' id='line_1_14' title="bbox 183 1355 1045 1435; baseline -0.005 -16"><span class='ocrx_word' id='word_1_81' title='bbox 183 1360 329 1435; x_wconf 83' lang='lat' dir='ltr'>Quaeque</span> <span class='ocrx_word' id='word_1_82' title='bbox 342 1367 432 1419; x_wconf 86' lang='lat' dir='ltr'>necet</span> <span class='ocrx_word' id='word_1_83' title='bbox 446 1374 592 1434; x_wconf 86' lang='lat' dir='ltr'>serpens,</span> <span class='ocrx_word' id='word_1_84' title='bbox 610 1374 691 1433; x_wconf 86' lang='lat' dir='ltr'>qnae</span> <span class='ocrx_word' id='word_1_85' title='bbox 708 1359 792 1419; x_wconf 91' lang='lat' dir='ltr'>iuvet</span> <span class='ocrx_word' id='word_1_86' title='bbox 804 1356 915 1431; x_wconf 88' lang='lat' dir='ltr'>herba,</span> <span class='ocrx_word' id='word_1_87' title='bbox 932 1355 1045 1424; x_wconf 84' lang='lat' dir='ltr'>Macer,</span> 
     </span>
     <span class='ocr_line' id='line_1_15' title="bbox 89 1442 912 1518; baseline -0.004 -15"><span class='ocrx_word' id='word_1_88' title='bbox 89 1462 124 1515; x_wconf 67' lang='lat'>45</span> <span class='ocrx_word' id='word_1_89' title='bbox 142 1442 245 1518; x_wconf 86' lang='lat' dir='ltr'>Saepe</span> <span class='ocrx_word' id='word_1_90' title='bbox 261 1458 338 1504; x_wconf 76' lang='lat' dir='ltr'>suos</span> <span class='ocrx_word' id='word_1_91' title='bbox 355 1444 464 1503; x_wconf 88' lang='lat' dir='ltr'>solitus</span> <span class='ocrx_word' id='word_1_92' title='bbox 480 1443 608 1503; x_wconf 89' lang='lat' dir='ltr'>recitare</span> <span class='ocrx_word' id='word_1_93' title='bbox 625 1442 801 1517; x_wconf 81' lang='lat' dir='ltr'>Propertius</span> <span class='ocrx_word' id='word_1_94' title='bbox 816 1443 912 1517; x_wconf 87' lang='lat' dir='ltr'>ignes,</span> 
     </span>
     <span class='ocr_line' id='line_1_16' title="bbox 179 1523 892 1602; baseline 0.003 -18"><span class='ocrx_word' id='word_1_95' title='bbox 179 1527 251 1585; x_wconf 83' lang='lat' dir='ltr'>lure</span> <span class='ocrx_word' id='word_1_96' title='bbox 270 1523 420 1588; x_wconf 83' lang='lat' dir='ltr'>sodalicio</span> <span class='ocrx_word' id='word_1_97' title='bbox 440 1526 492 1602; x_wconf 90' lang='lat' dir='ltr'>qui</span> <span class='ocrx_word' id='word_1_98' title='bbox 507 1526 580 1586; x_wconf 92' lang='lat' dir='ltr'>mihi</span> <span class='ocrx_word' id='word_1_99' title='bbox 596 1526 717 1586; x_wconf 86' lang='lat' dir='ltr'>iunctus</span> <span class='ocrx_word' id='word_1_100' title='bbox 735 1533 808 1586; x_wconf 90' lang='lat' dir='ltr'>erat.</span> <span class='ocrx_word' id='word_1_101' title='bbox 890 1525 892 1528; x_wconf 81' lang='grc'><strong>’</strong></span> 
     </span>
     <span class='ocr_line' id='line_1_17' title="bbox 141 1609 942 1686; baseline 0.002 -18"><span class='ocrx_word' id='word_1_102' title='bbox 141 1609 285 1670; x_wconf 87' lang='lat' dir='ltr'>Ponticus</span> <span class='ocrx_word' id='word_1_103' title='bbox 298 1611 412 1684; x_wconf 89' lang='lat' dir='ltr'>heroo,</span> <span class='ocrx_word' id='word_1_104' title='bbox 433 1611 551 1671; x_wconf 80' lang='lat' dir='ltr'><strong>Bassus</strong></span> <span class='ocrx_word' id='word_1_105' title='bbox 572 1625 697 1686; x_wconf 89' lang='lat' dir='ltr'>quoque</span> <span class='ocrx_word' id='word_1_106' title='bbox 716 1611 816 1672; x_wconf 88' lang='lat' dir='ltr'>clarus</span> <span class='ocrx_word' id='word_1_107' title='bbox 833 1609 942 1670; x_wconf 83' lang='lat' dir='ltr'>iambis</span> 
     </span>
     <span class='ocr_line' id='line_1_18' title="bbox 182 1693 813 1756; baseline 0.002 -4"><span class='ocrx_word' id='word_1_108' title='bbox 182 1694 289 1753; x_wconf 88' lang='lat' dir='ltr'>Dulcia</span> <span class='ocrx_word' id='word_1_109' title='bbox 309 1695 468 1756; x_wconf 88' lang='lat' dir='ltr'>convietus</span> <span class='ocrx_word' id='word_1_110' title='bbox 483 1694 619 1754; x_wconf 88' lang='lat' dir='ltr'>membra</span> <span class='ocrx_word' id='word_1_111' title='bbox 639 1695 725 1754; x_wconf 84' lang='lat' dir='ltr'>luere</span> <span class='ocrx_word' id='word_1_112' title='bbox 743 1693 813 1754; x_wconf 89' lang='lat' dir='ltr'>mai.</span> 
     </span>
     <span class='ocr_line' id='line_1_19' title="bbox 143 1777 900 1860; baseline 0.005 -25"><span class='ocrx_word' id='word_1_113' title='bbox 143 1777 180 1837; x_wconf 85' lang='lat' dir='ltr'>Et</span> <span class='ocrx_word' id='word_1_114' title='bbox 194 1779 289 1839; x_wconf 86' lang='lat' dir='ltr'>tenuit</span> <span class='ocrx_word' id='word_1_115' title='bbox 301 1785 424 1840; x_wconf 89' lang='lat' dir='ltr'>nostras</span> <span class='ocrx_word' id='word_1_116' title='bbox 440 1793 622 1839; x_wconf 85' lang='lat' dir='ltr'>numerosus</span> <span class='ocrx_word' id='word_1_117' title='bbox 637 1777 781 1860; x_wconf 84' lang='lat' dir='ltr'>Horatius</span> <span class='ocrx_word' id='word_1_118' title='bbox 799 1794 900 1854; x_wconf 88' lang='lat' dir='ltr'>aures,</span> 
     </span>
     <span class='ocr_line' id='line_1_20' title="bbox 91 1861 842 1938; baseline -0.007 -12"><span class='ocrx_word' id='word_1_119' title='bbox 91 1876 127 1926; x_wconf 88' lang='grc' dir='ltr'>5ο</span> <span class='ocrx_word' id='word_1_120' title='bbox 183 1861 262 1922; x_wconf 89' lang='lat' dir='ltr'>Dum</span> <span class='ocrx_word' id='word_1_121' title='bbox 280 1862 348 1921; x_wconf 91' lang='lat' dir='ltr'>lerit</span> <span class='ocrx_word' id='word_1_122' title='bbox 365 1863 505 1923; x_wconf 85' lang='lat' dir='ltr'>Ausonia</span> <span class='ocrx_word' id='word_1_123' title='bbox 522 1862 655 1922; x_wconf 88' lang='lat' dir='ltr'>carmina</span> <span class='ocrx_word' id='word_1_124' title='bbox 671 1863 751 1923; x_wconf 90' lang='lat' dir='ltr'>culta</span> <span class='ocrx_word' id='word_1_125' title='bbox 766 1863 842 1938; x_wconf 82' lang='lat' dir='ltr'>lyra.</span> 
     </span>
     <span class='ocr_line' id='line_1_21' title="bbox 142 1945 877 2020; baseline 0.001 -17"><span class='ocrx_word' id='word_1_126' title='bbox 142 1945 303 2020; x_wconf 79' lang='lat' dir='ltr'>Virgilium</span> <span class='ocrx_word' id='word_1_127' title='bbox 320 1945 385 2006; x_wconf 87' lang='lat' dir='ltr'>vidi</span> <span class='ocrx_word' id='word_1_128' title='bbox 402 1953 528 2007; x_wconf 88' lang='lat' dir='ltr'>tautum.</span> <span class='ocrx_word' id='word_1_129' title='bbox 565 1961 622 2006; x_wconf 91' lang='lat' dir='ltr'>nec</span> <span class='ocrx_word' id='word_1_130' title='bbox 638 1961 743 2005; x_wconf 89' lang='lat' dir='ltr'>amara</span> <span class='ocrx_word' id='word_1_131' title='bbox 758 1945 877 2005; x_wconf 82' lang='lat' dir='ltr'>Tibullo</span> 
     </span>
     <span class='ocr_line' id='line_1_22' title="bbox 185 2029 865 2105; baseline 0 -17"><span class='ocrx_word' id='word_1_132' title='bbox 185 2030 318 2105; x_wconf 82' lang='lat' dir='ltr'>Tempus</span> <span class='ocrx_word' id='word_1_133' title='bbox 337 2030 488 2090; x_wconf 76' lang='lat' dir='ltr'>amicitiae</span> <span class='ocrx_word' id='word_1_134' title='bbox 503 2030 566 2089; x_wconf 86' lang='lat' dir='ltr'>iata</span> <span class='ocrx_word' id='word_1_135' title='bbox 582 2029 698 2089; x_wconf 84' lang='lat' dir='ltr'>dedere</span> <span class='ocrx_word' id='word_1_136' title='bbox 712 2044 809 2089; x_wconf 90' lang='lat' dir='ltr'>meae.</span> <span class='ocrx_word' id='word_1_137' title='bbox 860 2058 865 2072; x_wconf 87' lang='lat'><em>.</em></span> 
     </span>
     <span class='ocr_line' id='line_1_23' title="bbox 144 2110 942 2188; baseline -0.003 -16"><span class='ocrx_word' id='word_1_138' title='bbox 144 2110 316 2174; x_wconf 81' lang='lat' dir='ltr'>Successor</span> <span class='ocrx_word' id='word_1_139' title='bbox 332 2113 388 2173; x_wconf 86' lang='lat' dir='ltr'>luit</span> <span class='ocrx_word' id='word_1_140' title='bbox 404 2115 454 2174; x_wconf 88' lang='lat' dir='ltr'>lric</span> <span class='ocrx_word' id='word_1_141' title='bbox 468 2112 537 2186; x_wconf 89' lang='lat' dir='ltr'>tibi,</span> <span class='ocrx_word' id='word_1_142' title='bbox 560 2113 661 2172; x_wconf 68' lang='lat' dir='ltr'>Galles</span> <span class='ocrx_word' id='word_1_143' title='bbox 694 2112 869 2188; x_wconf 73' lang='lat' dir='ltr'>Propertius</span> <span class='ocrx_word' id='word_1_144' title='bbox 885 2111 942 2172; x_wconf 74' lang='lat' dir='ltr'>illia</span> 
     </span>
     <span class='ocr_line' id='line_1_24' title="bbox 186 2196 852 2272; baseline -0.002 -15"><span class='ocrx_word' id='word_1_145' title='bbox 186 2196 317 2269; x_wconf 81' lang='lat' dir='ltr'>Quartus</span> <span class='ocrx_word' id='word_1_146' title='bbox 333 2196 371 2257; x_wconf 93' lang='lat' dir='ltr'>ab</span> <span class='ocrx_word' id='word_1_147' title='bbox 390 2197 437 2257; x_wconf 91' lang='lat' dir='ltr'>his</span> <span class='ocrx_word' id='word_1_148' title='bbox 453 2197 534 2258; x_wconf 87' lang='lat' dir='ltr'>serie</span> <span class='ocrx_word' id='word_1_149' title='bbox 551 2197 698 2272; x_wconf 88' lang='lat' dir='ltr'>temporis</span> <span class='ocrx_word' id='word_1_150' title='bbox 712 2197 781 2271; x_wconf 85' lang='lat' dir='ltr'>ipse</span> <span class='ocrx_word' id='word_1_151' title='bbox 800 2197 852 2256; x_wconf 89' lang='lat' dir='ltr'>lui.</span> 
     </span>
     <span class='ocr_line' id='line_1_25' title="bbox 94 2279 916 2357; baseline 0.001 -18"><span class='ocrx_word' id='word_1_152' title='bbox 94 2287 128 2340; x_wconf 90' lang='grc'>55</span> <span class='ocrx_word' id='word_1_153' title='bbox 141 2279 244 2355; x_wconf 91' lang='lat' dir='ltr'>thue</span> <span class='ocrx_word' id='word_1_154' title='bbox 261 2296 319 2355; x_wconf 90' lang='lat' dir='ltr'>ego</span> <span class='ocrx_word' id='word_1_155' title='bbox 336 2282 484 2357; x_wconf 85' lang='lat' dir='ltr'>maiores,</span> <span class='ocrx_word' id='word_1_156' title='bbox 503 2281 613 2341; x_wconf 85' lang='lat' dir='ltr'>sicma</span> <span class='ocrx_word' id='word_1_157' title='bbox 630 2283 753 2341; x_wconf 87' lang='lat' dir='ltr'>coluere</span> <span class='ocrx_word' id='word_1_158' title='bbox 772 2280 916 2355; x_wconf 85' lang='lat' dir='ltr'>minores,</span> 
     </span>
     <span class='ocr_line' id='line_1_26' title="bbox 185 2364 881 2440; baseline -0.001 -17"><span class='ocrx_word' id='word_1_159' title='bbox 185 2364 325 2440; x_wconf 88' lang='lat' dir='ltr'>Notaque</span> <span class='ocrx_word' id='word_1_160' title='bbox 344 2381 407 2424; x_wconf 88' lang='lat' dir='ltr'>non</span> <span class='ocrx_word' id='word_1_161' title='bbox 421 2365 510 2424; x_wconf 83' lang='lat' dir='ltr'>tarde</span> <span class='ocrx_word' id='word_1_162' title='bbox 526 2366 607 2425; x_wconf 89' lang='lat' dir='ltr'>lacta</span> <span class='ocrx_word' id='word_1_163' title='bbox 622 2365 728 2425; x_wconf 82' lang='lat' dir='ltr'>Thalle</span> <span class='ocrx_word' id='word_1_164' title='bbox 743 2380 811 2425; x_wconf 87' lang='lat' dir='ltr'>mea</span> <span class='ocrx_word' id='word_1_165' title='bbox 825 2372 881 2424; x_wconf 89' lang='lat' dir='ltr'>est.</span> 
     </span>
     <span class='ocr_line' id='line_1_27' title="bbox 145 2447 896 2524; baseline 0.001 -18"><span class='ocrx_word' id='word_1_166' title='bbox 145 2447 285 2507; x_wconf 84' lang='lat' dir='ltr'>Carmina</span> <span class='ocrx_word' id='word_1_167' title='bbox 301 2464 369 2509; x_wconf 87' lang='lat' dir='ltr'>curn</span> <span class='ocrx_word' id='word_1_168' title='bbox 387 2449 519 2523; x_wconf 87' lang='lat' dir='ltr'>primum</span> <span class='ocrx_word' id='word_1_169' title='bbox 535 2449 652 2524; x_wconf 91' lang='lat' dir='ltr'>pupulo</span> <span class='ocrx_word' id='word_1_170' title='bbox 666 2448 811 2509; x_wconf 89' lang='lat' dir='ltr'>iuvenilia</span> <span class='ocrx_word' id='word_1_171' title='bbox 827 2448 896 2523; x_wconf 84' lang='lat' dir='ltr'>legi,</span> 
     </span>
     <span class='ocr_line' id='line_1_28' title="bbox 181 2530 847 2594; baseline 0.006 -6"><span class='ocrx_word' id='word_1_172' title='bbox 181 2530 282 2591; x_wconf 89' lang='lat' dir='ltr'>Barba</span> <span class='ocrx_word' id='word_1_173' title='bbox 299 2539 420 2593; x_wconf 88' lang='lat' dir='ltr'>resecta</span> <span class='ocrx_word' id='word_1_174' title='bbox 434 2533 506 2592; x_wconf 91' lang='lat' dir='ltr'>mihi</span> <span class='ocrx_word' id='word_1_175' title='bbox 521 2532 611 2593; x_wconf 87' lang='lat' dir='ltr'>bisve</span> <span class='ocrx_word' id='word_1_176' title='bbox 628 2533 763 2594; x_wconf 87' lang='lat' dir='ltr'>semelve</span> <span class='ocrx_word' id='word_1_177' title='bbox 783 2532 847 2592; x_wconf 80' lang='lat' dir='ltr'>luit</span> 
     </span>
     <span class='ocr_line' id='line_1_29' title="bbox 143 2614 897 2692; baseline 0.001 -19"><span class='ocrx_word' id='word_1_178' title='bbox 143 2614 283 2675; x_wconf 86' lang='lat' dir='ltr'>Moverat</span> <span class='ocrx_word' id='word_1_179' title='bbox 297 2616 451 2692; x_wconf 82' lang='lat' dir='ltr'>ingenium</span> <span class='ocrx_word' id='word_1_180' title='bbox 468 2624 563 2678; x_wconf 89' lang='lat' dir='ltr'>totam</span> <span class='ocrx_word' id='word_1_181' title='bbox 580 2624 701 2677; x_wconf 84' lang='lat' dir='ltr'>cantata</span> <span class='ocrx_word' id='word_1_182' title='bbox 714 2632 770 2692; x_wconf 89' lang='lat' dir='ltr'>per</span> <span class='ocrx_word' id='word_1_183' title='bbox 784 2615 897 2677; x_wconf 89' lang='lat' dir='ltr'>Urbem</span> 
     </span>
     <span class='ocr_line' id='line_1_30' title="bbox 91 2699 820 2761; baseline 0.004 -7"><span class='ocrx_word' id='word_1_184' title='bbox 91 2700 127 2754; x_wconf 85' lang='lat'>60</span> <span class='ocrx_word' id='word_1_185' title='bbox 183 2699 312 2760; x_wconf 88' lang='lat' dir='ltr'>Nomine</span> <span class='ocrx_word' id='word_1_186' title='bbox 325 2717 388 2761; x_wconf 90' lang='lat' dir='ltr'>non</span> <span class='ocrx_word' id='word_1_187' title='bbox 406 2717 480 2760; x_wconf 89' lang='lat' dir='ltr'>vero</span> <span class='ocrx_word' id='word_1_188' title='bbox 495 2702 577 2761; x_wconf 90' lang='lat' dir='ltr'>dicta</span> <span class='ocrx_word' id='word_1_189' title='bbox 593 2701 723 2761; x_wconf 84' lang='lat' dir='ltr'>Corinna</span> <span class='ocrx_word' id='word_1_190' title='bbox 737 2700 820 2760; x_wconf 89' lang='lat' dir='ltr'>mihi.</span> 
     </span>
     <span class='ocr_line' id='line_1_31' title="bbox 143 2781 964 2861; baseline 0.004 -21"><span class='ocrx_word' id='word_1_191' title='bbox 143 2781 239 2842; x_wconf 89' lang='lat' dir='ltr'>Multa</span> <span class='ocrx_word' id='word_1_192' title='bbox 255 2784 379 2859; x_wconf 87' lang='lat' dir='ltr'>quidem</span> <span class='ocrx_word' id='word_1_193' title='bbox 397 2785 517 2861; x_wconf 88' lang='lat' dir='ltr'>scripsi.</span> <span class='ocrx_word' id='word_1_194' title='bbox 551 2785 609 2844; x_wconf 87' lang='lat' dir='ltr'>sed</span> <span class='ocrx_word' id='word_1_195' title='bbox 625 2799 705 2860; x_wconf 87' lang='lat' dir='ltr'>quae</span> <span class='ocrx_word' id='word_1_196' title='bbox 722 2784 835 2844; x_wconf 91' lang='lat' dir='ltr'>vitiosa</span> <span class='ocrx_word' id='word_1_197' title='bbox 850 2784 964 2857; x_wconf 83' lang='lat' dir='ltr'>putavi,</span> 
     </span>
     <span class='ocr_line' id='line_1_32' title="bbox 184 2861 1076 2946; baseline 0.004 -22"><span class='ocrx_word' id='word_1_198' title='bbox 184 2866 398 2930; x_wconf 88' lang='lat' dir='ltr'>Emendaturis</span> <span class='ocrx_word' id='word_1_199' title='bbox 415 2868 536 2943; x_wconf 88' lang='lat' dir='ltr'>ignibus</span> <span class='ocrx_word' id='word_1_200' title='bbox 551 2869 620 2944; x_wconf 90' lang='lat' dir='ltr'>ipse</span> <span class='ocrx_word' id='word_1_201' title='bbox 635 2867 717 2928; x_wconf 91' lang='lat' dir='ltr'>dedi.</span> <span class='ocrx_word' id='word_1_202' title='bbox 1021 2861 1076 2946; x_wconf 82' lang='lat' dir='ltr'>[vi,</span> 
     </span>
     <span class='ocr_line' id='line_1_33' title="bbox 142 2949 1075 3028; baseline 0.005 -20"><span class='ocrx_word' id='word_1_203' title='bbox 142 2949 227 3009; x_wconf 83' lang='lat' dir='ltr'>Tunc</span> <span class='ocrx_word' id='word_1_204' title='bbox 239 2954 372 3027; x_wconf 75' lang='lat' dir='ltr'>quoque,</span> <span class='ocrx_word' id='word_1_205' title='bbox 385 2968 453 3013; x_wconf 91' lang='lat' dir='ltr'>cum</span> <span class='ocrx_word' id='word_1_206' title='bbox 464 2955 610 3028; x_wconf 85' lang='lat' dir='ltr'>lugerem,</span> <span class='ocrx_word' id='word_1_207' title='bbox 630 2952 781 3027; x_wconf 89' lang='lat' dir='ltr'>quaedam</span> <span class='ocrx_word' id='word_1_208' title='bbox 799 2950 949 3025; x_wconf 85' lang='lat' dir='ltr'>placitura</span> <span class='ocrx_word' id='word_1_209' title='bbox 961 2962 1075 3013; x_wconf 85' lang='lat' dir='ltr'>crenrat·</span> 
     </span>
     <span class='ocr_line' id='line_1_34' title="bbox 185 3035 776 3111; baseline 0.002 -20"><span class='ocrx_word' id='word_1_210' title='bbox 185 3035 284 3095; x_wconf 89' lang='lat' dir='ltr'>Iratus</span> <span class='ocrx_word' id='word_1_211' title='bbox 305 3037 406 3096; x_wconf 90' lang='lat' dir='ltr'>studio</span> <span class='ocrx_word' id='word_1_212' title='bbox 422 3036 671 3111; x_wconf 81' lang='lat' dir='ltr'>carminibusque</span> <span class='ocrx_word' id='word_1_213' title='bbox 689 3035 776 3095; x_wconf 91' lang='lat' dir='ltr'>meis.</span> 
     </span>
     <span class='ocr_line' id='line_1_35' title="bbox 95 3115 850 3195; baseline 0.009 -25"><span class='ocrx_word' id='word_1_214' title='bbox 95 3117 130 3170; x_wconf 83' lang='lat'>65</span> <span class='ocrx_word' id='word_1_215' title='bbox 145 3115 239 3177; x_wconf 89' lang='lat' dir='ltr'>Molle</span> <span class='ocrx_word' id='word_1_216' title='bbox 257 3119 434 3195; x_wconf 77' lang='lat' dir='ltr'>cupidineIs</span> <span class='ocrx_word' id='word_1_217' title='bbox 452 3137 510 3181; x_wconf 90' lang='lat' dir='ltr'>nec</span> <span class='ocrx_word' id='word_1_218' title='bbox 528 3119 767 3195; x_wconf 84' lang='lat' dir='ltr'>inexpugnabile</span> <span class='ocrx_word' id='word_1_219' title='bbox 782 3116 850 3178; x_wconf 88' lang='lat' dir='ltr'>telis</span> 
     </span>
     <span class='ocr_line' id='line_1_36' title="bbox 187 3201 987 3279; baseline -0.004 -19"><span class='ocrx_word' id='word_1_220' title='bbox 187 3201 246 3261; x_wconf 85' lang='lat' dir='ltr'>Cor</span> <span class='ocrx_word' id='word_1_221' title='bbox 263 3204 351 3279; x_wconf 90' lang='lat' dir='ltr'>mihi,</span> <span class='ocrx_word' id='word_1_222' title='bbox 372 3204 518 3279; x_wconf 89' lang='lat' dir='ltr'>quodque</span> <span class='ocrx_word' id='word_1_223' title='bbox 535 3204 613 3264; x_wconf 91' lang='lat' dir='ltr'>levis</span> <span class='ocrx_word' id='word_1_224' title='bbox 633 3219 728 3263; x_wconf 88' lang='lat' dir='ltr'>causa</span> <span class='ocrx_word' id='word_1_225' title='bbox 744 3208 896 3276; x_wconf 88' lang='lat' dir='ltr'>moveret,</span> <span class='ocrx_word' id='word_1_226' title='bbox 914 3208 987 3261; x_wconf 88' lang='lat' dir='ltr'>erat.</span> 
     </span>
     <span class='ocr_line' id='line_1_37' title="bbox 147 3283 1043 3362; baseline 0 -19"><span class='ocrx_word' id='word_1_227' title='bbox 147 3283 219 3344; x_wconf 85' lang='lat' dir='ltr'>Cum</span> <span class='ocrx_word' id='word_1_228' title='bbox 235 3293 335 3348; x_wconf 92' lang='lat' dir='ltr'>tamen</span> <span class='ocrx_word' id='word_1_229' title='bbox 351 3287 402 3348; x_wconf 88' lang='lat' dir='ltr'>hic</span> <span class='ocrx_word' id='word_1_230' title='bbox 419 3304 537 3360; x_wconf 89' lang='lat' dir='ltr'>essem,</span> <span class='ocrx_word' id='word_1_231' title='bbox 557 3287 744 3362; x_wconf 88' lang='lat' dir='ltr'>minimoque</span> <span class='ocrx_word' id='word_1_232' title='bbox 761 3285 947 3346; x_wconf 83' lang='lat' dir='ltr'>accenderer</span> <span class='ocrx_word' id='word_1_233' title='bbox 964 3283 1043 3359; x_wconf 88' lang='lat' dir='ltr'>igne,</span> 
     </span>
     <span class='ocr_line' id='line_1_38' title="bbox 187 3367 815 3433; baseline 0.002 -6"><span class='ocrx_word' id='word_1_234' title='bbox 187 3367 315 3430; x_wconf 89' lang='lat' dir='ltr'>Nomine</span> <span class='ocrx_word' id='word_1_235' title='bbox 331 3371 387 3432; x_wconf 89' lang='lat' dir='ltr'>sub</span> <span class='ocrx_word' id='word_1_236' title='bbox 407 3379 512 3433; x_wconf 89' lang='lat' dir='ltr'>nostro</span> <span class='ocrx_word' id='word_1_237' title='bbox 529 3372 633 3432; x_wconf 90' lang='lat' dir='ltr'>labula</span> <span class='ocrx_word' id='word_1_238' title='bbox 649 3371 733 3431; x_wconf 89' lang='lat' dir='ltr'>nulla</span> <span class='ocrx_word' id='word_1_239' title='bbox 752 3370 815 3430; x_wconf 86' lang='lat' dir='ltr'>luit.</span> 
     </span>
     <span class='ocr_line' id='line_1_39' title="bbox 146 3449 904 3530; baseline 0.003 -21"><span class='ocrx_word' id='word_1_240' title='bbox 146 3449 246 3513; x_wconf 86' lang='lat' dir='ltr'>Paene</span> <span class='ocrx_word' id='word_1_241' title='bbox 265 3455 336 3515; x_wconf 91' lang='lat' dir='ltr'>mihi</span> <span class='ocrx_word' id='word_1_242' title='bbox 354 3471 451 3530; x_wconf 88' lang='lat' dir='ltr'>puero</span> <span class='ocrx_word' id='word_1_243' title='bbox 466 3469 527 3518; x_wconf 83' lang='lat' dir='ltr'>nee</span> <span class='ocrx_word' id='word_1_244' title='bbox 540 3455 634 3530; x_wconf 88' lang='lat' dir='ltr'>digna</span> <span class='ocrx_word' id='word_1_245' title='bbox 648 3471 706 3516; x_wconf 91' lang='lat' dir='ltr'>nec</span> <span class='ocrx_word' id='word_1_246' title='bbox 724 3453 806 3515; x_wconf 90' lang='lat' dir='ltr'>utilis</span> <span class='ocrx_word' id='word_1_247' title='bbox 824 3467 904 3512; x_wconf 88' lang='lat' dir='ltr'>uxor</span> 
     </span>
    </p>
   </div>
   <div class='ocr_carea' id='block_1_3' title="bbox 0 0 1164 3960">
    <p class='ocr_par' dir='ltr' id='par_1_3' title="bbox 0 0 1164 3960">
     <span class='ocr_line' id='line_1_40' title="bbox 0 0 1164 3960; baseline 0 0"><span class='ocrx_word' id='word_1_248' title='bbox 0 0 1164 3960; x_wconf 95' lang='lat' dir='ltr'> </span> 
     </span>
    </p>
   </div>
  </div>
 </body>
</html>
