2318 3960
276 163 279 165 ’
369 193 409 268 u,
432 190 631 266 o,=-44-10‚
653 193 705 258 as.

28 359 101 460 10.
154 395 328 458 uacuo.
385 437 387 440 >

117 478 242 593 Ecquid
258 516 296 577 ab
311 517 483 593 impressae
498 519 663 594 cognoscis
679 518 810 596 imagine
825 535 914 582 cerac

156 602 242 663 Haec
255 599 310 662 tibi
324 601 481 662 Nasonem
495 602 631 663 scribere
647 601 756 679 verba,
772 604 896 665 Macer?

112 685 321 760 Auctorisque
334 686 382 746 sui
397 686 424 746 si
439 702 500 746 non
517 693 565 746 est
579 689 689 749 anulus
704 686 806 761 index,

156 769 323 845 Cognitanc
337 775 387 830 est
400 776 506 831 nostra
520 768 619 831 littera
633 767 714 832 iacta
727 778 840 831 manui

14 921 16 925 Α
84 860 100 912 5
114 855 164 912 An
180 852 233 914 tibi
248 852 384 914 notitiam
399 869 485 914 mora
499 851 647 930 temporis
663 855 751 930 eripit
765 855 883 929 horum,

154 936 217 997 Nee
231 944 373 1013 repetunt
387 938 468 997 oculi
483 938 573 1012 signa
586 945 708 998 vetusta
722 939 786 999 tuit

113 1019 163 1081 Sis
183 1019 382 1082 licetobiitus
397 1022 511 1098 pariter
523 1037 724 1097 gemmaeque
738 1037 919 1100 manusque,

154 1104 312 1166 Exciderit
325 1111 441 1166 tantum
456 1121 495 1166 ne
510 1105 563 1166 tihi
579 1121 652 1166 eura
666 1107 735 1166 mei.

113 1189 209 1263 Quam
225 1195 257 1249 tu
272 1189 322 1249 vel
338 1189 421 1265 longi
441 1189 537 1250 debes
554 1188 746 1250 convictibus
762 1191 839 1264 aevi,
902 1244 905 1249 .

59 1287 97 1340 10
154 1274 213 1333 Vel
227 1288 297 1334 mea
311 1273 395 1349 quod
410 1274 544 1334 coniunx
561 1290 620 1335 non
638 1274 738 1334 aliena
753 1272 814 1348 tibi,

111 1358 169 1416 Vel
187 1357 314 1432 studiis,
333 1357 443 1433 quibus
462 1374 512 1431 es,
531 1374 620 1432 quam
637 1373 711 1432 nos,
728 1356 898 1433 sapientius
915 1376 1001 1434 usus,

154 1441 255 1516 thue
266 1441 375 1515 decet,
393 1441 476 1502 nulia
490 1443 589 1502 iactus
610 1457 644 1502 es
661 1443 735 1501 Arte
749 1456 876 1503 nocens.

110 1527 155 1585 Tu
171 1525 256 1584 canis
272 1531 397 1585 aeterno
414 1525 562 1600 quicquid
576 1526 711 1586 restabat
727 1526 870 1600 Homero,

153 1609 199 1668 Ne
215 1616 340 1670 careant
356 1609 598 1671 summaTroica
610 1609 692 1669 bella
706 1624 807 1673 manu.

58 1702 94 1755 15
110 1694 195 1754 Naso
213 1709 320 1767 parum
335 1693 488 1770 prudens,
508 1701 604 1754 artem
619 1694 691 1754 dum
706 1693 799 1754 tradit
814 1694 944 1767 amendi,

154 1777 317 1838 Doctrinae
333 1777 462 1853 pretium
477 1778 563 1837 triste
578 1777 722 1853 magister
737 1778 838 1839 habet.

113 1861 191 1921 Sunt
205 1867 306 1920 tamen
322 1861 401 1920 iuter
413 1877 449 1921 se
464 1861 636 1922 communia
652 1877 741 1921 sacra
756 1863 865 1937 poetis,

155 1945 317 2005 Diversum
333 1946 475 2021 quamvis
491 1945 623 2020 quisque
640 1961 805 2020 sequamur
819 1946 884 2005 iter.

113 2030 246 2105 Quorum
257 2036 289 2089 te
299 2045 471 2103 memorem,
486 2044 671 2103 quamquam
683 2027 791 2104 procul
802 2028 958 2103 absumus,
974 2044 1043 2089 esse

55 2129 95 2180 20
154 2112 320 2188 Suspicor,
335 2119 366 2174 et
380 2129 474 2175 casus
495 2113 573 2172 veile
588 2113 691 2172 levare
705 2127 802 2174 meos.

113 2198 155 2257 Te
173 2196 251 2257 duee
267 2196 447 2272 magnificas
463 2197 558 2257 Asiae
573 2197 789 2273 perspeximus
805 2194 912 2256 urbes2

155 2280 308 2341 Trinacris
329 2286 377 2341 est
393 2282 491 2341 oculis
505 2288 536 2340 te
551 2281 630 2340 doce
646 2287 718 2340 nota
731 2281 818 2340 meis.

112 2365 254 2424 Vidimus
268 2366 407 2425 Aetnaea
423 2365 540 2425 caelum
556 2362 776 2441 splendescere
794 2363 925 2437 flamma,

156 2447 342 2523 Subpositus
357 2448 451 2508 monti
471 2465 563 2522 quam
578 2448 674 2508 vomit
688 2463 742 2509 ore
757 2449 882 2524 gigans=
918 2472 921 2477 ·

56 2541 96 2594 25
112 2532 338 2607 Hennaeosque
356 2534 441 2593 lacus
458 2540 487 2593 et
505 2532 615 2592 olentis
631 2538 739 2607 stagna
752 2532 853 2606 Palici,

158 2616 284 2691 Quaque
300 2616 365 2676 suis
382 2616 506 2693 Cyanen
527 2617 635 2676 miscet
648 2620 779 2691 Anapus
794 2617 894 2691 aquis.

112 2700 176 2760 Nec
192 2701 301 2775 procui
318 2699 389 2760 hinc
404 2699 541 2779 nympha
561 2706 624 2773 est,
642 2715 734 2773 quae,
761 2700 834 2760 dum
855 2701 930 2775 fugit
948 2699 1045 2760 Elidis

712 2798 839 2858 amnem,

155 2869 248 2928 Tecta
261 2868 319 2929 sub
334 2882 491 2943 aequorea
505 2884 585 2928 nuno
602 2881 727 2943 quoque
743 2867 834 2927 currit
848 2882 939 2942 aqua.

112 2951 168 3010 Hic
184 2952 255 3010 mihi
276 2951 406 3012 labentis
425 2968 498 3028 pars
517 2952 586 3013 anni
603 2965 713 3026 magna
728 2957 853 3026 peracta
867 2957 923 3010 est.

63 3046 102 3098 30
155 3035 257 3095 Eheu!
276 3052 368 3111 quam
383 3036 489 3110 dispar
503 3043 551 3096 est
565 3036 652 3096 loeus
666 3035 717 3096 ilie
733 3033 831 3094 Getis!

110 3118 149 3177 Et
165 3125 258 3193 quota
275 3135 349 3195 pars
364 3119 441 3178 haec
457 3126 528 3180 sunt
541 3135 658 3191 rerum,
676 3134 755 3193 quas
770 3117 901 3177 vidimus
918 3116 1018 3190 ambo,

153 3201 195 3262 Te
210 3202 448 3264 mihi‘iucundas
465 3202 616 3262 efficiente
632 3201 715 3261 vias!

113 3286 176 3347 Seu
190 3293 254 3347 rate
273 3287 432 3348 caeruleas
447 3286 530 3362 picta
544 3284 731 3346 sulcavimus
746 3284 855 3359 undae,

153 3370 276 3432 Esseda
293 3386 352 3432 nos
367 3369 438 3445 agili
455 3370 521 3431 sive
535 3371 631 3431 tulere
647 3375 728 3429 rotas

56 3463 93 3516 35
109 3453 211 3530 Saepe
224 3454 329 3515 brevis
343 3454 433 3516 nobis
448 3452 567 3515 vicibus
584 3454 635 3515 via
649 3453 717 3512 visa
730 3452 891 3528 loqueum:
