2318 3960
458 226 507 298 ΠΙ,
532 224 560 298 2,
584 225 698 289 6-81.
1028 225 1081 290 lot

189 379 272 454 Quos
291 379 400 452 procui
415 393 433 436 a
446 375 537 436 vobis
553 377 674 437 ultimus
691 379 773 438 orbis
787 377 889 438 habet.

96 469 134 523 45
146 465 202 524 Est
215 464 303 522 loeus
318 462 349 520 in
366 460 522 537 Scythia..
536 461 654 521 Tauros
670 462 775 521 dixere
790 462 942 536 priores...

195 546 250 621 Qui
266 545 370 605 Getica
388 545 479 618 longe
493 559 554 603 non
570 544 612 602 ita
627 544 719 605 distat
733 545 836 606 humo-

150 632 215 691 Hao
231 645 288 704 ego
304 645 372 688 sum
387 634 497 688 terra...
515 627 630 701 patriae
645 643 702 687 neo
717 629 879 703 paenitet...
897 633 996 690 ortust

192 714 371 775 consortem
385 711 500 772 Phoebi
515 726 590 786 gens
610 712 681 771 colit
698 713 750 772 ilia
765 713 862 772 deam.

148 798 273 873 Templa
287 803 411 856 manent
423 795 516 856 hodie
530 795 626 856 vastis
641 795 746 855 innixa
762 793 923 868 columnis,

94 889 132 942 50
188 881 306 956 Perque
322 886 429 956 quater
443 880 541 939 denos
556 879 615 939 itur
629 880 658 938 in
676 880 726 938 iila
741 880 864 953 gradus.

144 964 238 1025 Fama
252 965 344 1024 refert
361 964 421 1022 illio
438 964 557 1038 signum
573 964 706 1023 caeleste
721 963 833 1024 fuisse:

187 1048 316 1124 Quoque
330 1047 430 1107 minus
446 1046 577 1119 dubites,
601 1053 660 1107 stat
673 1047 759 1106 basis
777 1047 852 1107 orba
866 1046 941 1106 dea·

143 1133 278 1208 Araque,
300 1147 379 1206 quae
393 1133 490 1191 fuerat
504 1137 611 1190 natura
627 1130 759 1190 candida
775 1130 851 1202 saxi,

184 1217 316 1276 Decolor
330 1216 442 1277 adfuso
457 1215 551 1273 tincta
566 1229 673 1273 eruore
688 1214 786 1274 rubet.

95 1310 131 1363 55
144 1298 271 1360 Femina
286 1315 376 1360 saara
394 1299 466 1358 iacit
480 1298 589 1357 taedae
604 1314 665 1358 non
680 1305 753 1358 nota
767 1297 867 1373 iugali,

189 1384 272 1457 Quae
287 1389 412 1458 superat
428 1381 590 1458 Scythicas
606 1381 761 1442 nobilitate
775 1398 880 1442 nurus.

147 1467 285 1528 sacrifici
299 1483 396 1542 genus
412 1472 488 1538 est..
508 1466 553 1524 sio
570 1466 726 1527 instituere
740 1466 891 1540 priores...

188 1552 318 1611 Aduena
336 1551 472 1626 virgineo
488 1564 599 1610 caesus
614 1557 647 1611 ut
661 1565 736 1610 ense
752 1550 850 1611 cadat.

146 1635 254 1709 Regna
267 1635 389 1694 Thoans
406 1632 512 1694 habuit
525 1633 679 1694 Maeotide
696 1635 797 1693 clarus
813 1634 843 1693 in
860 1648 915 1694 ora

92 1722 130 1777 60
185 1719 248 1778 Neo
264 1719 318 1777 suit
331 1717 459 1778 Euxinis
475 1718 576 1780 notior
589 1719 663 1778 alter
677 1718 776 1793 aquis.

147 1801 277 1877 Sceptra
291 1809 411 1862 tenente
426 1802 477 1862 illo
495 1802 626 1876 liquidas
646 1802 758 1862 secisse
772 1817 829 1876 per
842 1817 932 1862 auras

185 1886 297 1948 Nescio
315 1902 406 1961 quarn
422 1886 527 1946 dieunt
540 1885 717 1960 Iphigenian
732 1886 797 1945 iter.

147 1970 242 2044 Quam
257 1969 375 2030 levibus
390 1970 489 2031 ventis
506 1968 562 2030 sub
580 1968 662 2029 nube
676 1985 733 2045 per
747 1971 818 2028 atra
833 1973 952 2029 vectam

190 2054 327 2115 Creditur
339 2053 389 2113 his
403 2053 526 2114 Phoebe
541 2053 726 2128 deposuisse
741 2051 828 2112 iocis.

93 2150 129 2206 ⁶5
144 2138 321 2198 Praefuerat
335 2138 450 2213 templo
466 2138 577 2196 multos
594 2152 631 2197 ea
644 2138 701 2196 rite
717 2151 773 2211 per
788 2151 895 2209 annos

186 2222 285 2282 Invita
300 2236 452 2296 peragens
466 2221 563 2281 tristia
577 2236 666 2281 saara
680 2235 787 2281 manus

146 2304 218 2364 Cum
235 2305 296 2365 duo
314 2305 438 2364 velifera
453 2305 580 2365 iuvenes
594 2320 708 2365 venere
723 2303 835 2376 carina,

184 2387 427 2465 Presseruntque
442 2405 498 2449 suo
515 2389 604 2450 litora
617 2395 722 2450 nostra
737 2388 827 2462 pede.

142 2471 201 2531 Par
215 2473 271 2532 iuit
283 2471 332 2532 his
343 2465 432 2533 'aetas
449 2479 478 2532 et
492 2488 586 2533 amor.
618 2489 748 2548 quorum
765 2473 842 2532 aiter
858 2470 992 2547 Orestes,

88 2562 126 2617 to
179 2556 266 2616 Alter
279 2562 344 2616 erat
360 2557 504 2632 Pylades.
539 2557 663 2616 nomina
679 2556 758 2618 sama
774 2561 862 2616 tenet.

141 2637 281 2700 Protinus
297 2640 430 2700 inmitem
445 2640 563 2699 Triviae
579 2641 730 2700 ducuntur
746 2638 786 2698 ad
805 2655 896 2714 aram,

180 2722 299 2783 Evinoti
315 2724 452 2798 geminas
469 2724 508 2782 ad
524 2740 581 2782 sua
596 2731 681 2797 terga
695 2739 814 2782 manus.

136 2804 261 2881 Spargit
276 2823 358 2882 aqua
376 2813 485 2881 captos
500 2807 618 2866 lustrali
634 2806 725 2867 Graia
740 2805 898 2881 sacerdos,

179 2890 302 2950 Ambiat
316 2897 349 2951 ut
364 2892 463 2951 fulvas
480 2891 574 2951 infula
588 2892 682 2965 longa
697 2906 811 2952 eomas.

89 2980 124 3035 75
139 2972 281 3048 Dumque
296 2981 385 3050 parat
399 2990 530 3049 sacrum,
554 2975 626 3035 dum
641 2976 723 3034 velat
738 2981 876 3048 tempora
894 2973 983 3047 vittis,

181 3057 259 3116 Dum
274 3058 380 3118 tardae
399 3073 509 3120 causas
529 3058 644 3118 invenit
658 3057 727 3134 ipsa
741 3071 854 3129 morae,

143 3141 232 3200 “Non
248 3156 305 3217 ego
322 3142 465 3218 crudetis,
484 3143 621 3202 iuvenes.
641 3141 837 3216 ignoscite!”
852 3139 928 3200 dixit

181 3223 303 3286 “Sacra
317 3242 374 3287 suo
391 3227 469 3289 fario
487 3225 666 3286 barbariora
681 3225 749 3286 loco

139 3306 227 3369 Ritus
241 3309 268 3369 is
284 3316 332 3371 est
345 3311 453 3385 gentis.
487 3310 552 3383 Qua
567 3324 623 3369 vos
638 3316 738 3370 tamen
752 3306 829 3368 urbe
843 3305 974 3368 ventosa

93 3396 131 3452 80
187 3391 292 3466 Quove
306 3409 413 3469 parum
428 3395 529 3456 inusta
544 3409 648 3469 puppe
663 3392 782 3469 petistis
796 3393 903 3453 itert”

139 3473 230 3617 Dixiltl.
264 3485 294 3538 et
308 3478 411 3538 audito
428 3478 544 3554 patriae
561 3477 612 3554 pia
627 3477 750 3539 nomine
763 3477 850 3552 virgo

95 3573 179 3618 omn.
231 3560 253 3619 Ι.
835 3568 868 3620 11
