2318 3960
385 229 414 299 l,
439 227 474 300 5,
498 227 618 302 36-6,
642 227 693 290 26.

143 381 302 442 Adsuetus
324 379 431 440 studiis
447 379 590 440 mollibus
610 379 679 453 ipsc
696 380 750 440 sui.

50 473 85 530 75
101 465 151 525 Mc
170 465 246 524 deus
262 462 431 540 oppressit,
448 463 530 522 nullo
546 464 625 521 mala
640 470 744 523 nostra
758 464 891 525 levantes

147 547 290 608 Beliatrix
306 547 348 606 illi
363 546 435 605 diva
449 545 566 606 ferebat
581 561 680 620 opem.

103 633 239 707 Cumque
253 632 352 693 minor
366 630 439 690 Iove
455 631 494 689 sit
507 629 631 690 tumidis
648 631 700 705 qui
714 640 821 706 regnat
834 633 865 692 in
879 631 980 710 uncia,

142 716 228 775 ilium
242 714 388 790 Neptuni,
404 729 453 772 me
468 713 550 774 lovis
565 713 611 772 ira
626 715 744 788 premit.

102 799 209 873 Adde,
228 799 313 874 quod
327 798 407 858 iliius
422 812 494 871 pars
510 797 641 857 maxima
657 797 727 858 ficta
742 796 878 858 laborum
894 804 950 875 est,

51 889 88 945 80
144 882 268 943 Ponitur
283 883 312 941 in
328 880 441 941 nostris
458 881 560 940 sabula
575 881 657 940 nulia
672 883 770 942 malis.

101 967 240 1041 Denique
255 967 411 1040 quaesitos
426 965 521 1039 tetigit
534 971 635 1023 tamen
650 965 700 1025 illc
714 973 852 1041 penates,

147 1050 360 1125 Quaequc‘diu
374 1048 472 1125 petiit,
493 1047 618 1123 contigit
631 1065 705 1110 arva
723 1057 838 1111 tamenz

102 1133 143 1193 At
157 1134 229 1193 mihi
243 1141 391 1208 perpetuo
411 1132 508 1209 patria
523 1132 630 1192 tellure
650 1134 813 1194 carendum
829 1142 883 1208 est,

143 1218 179 1277 Ni
195 1216 284 1288 iuerit
298 1218 373 1278 laesi
389 1215 508 1279 mollior
522 1216 567 1275 ira
582 1215 641 1273 dei.

43 1350 85 1445 6.
106 1347 176 1444 Nec
197 1391 308 1446 tantum
326 1385 424 1445 Clario
439 1387 527 1462 Lyde
542 1386 652 1445 dilecta
667 1352 786 1460 poetae,

148 1469 210 1529 Ncc
229 1475 344 1529 tantum
360 1468 423 1528 Coo
438 1469 526 1530 Bittis
542 1476 642 1530 amata
657 1483 714 1528 suo
731 1475 786 1543 est,

102 1550 279 1613 Pectoribus
296 1561 439 1627 quantum
454 1560 486 1615 tu
500 1553 629 1630 nostris,
648 1568 742 1626 uxor,
763 1552 914 1627 inhaeres,

147 1635 245 1711 Digna
262 1636 362 1697 minus
378 1638 506 1710 misero,
525 1655 585 1699 non
598 1636 723 1697 meliore
738 1635 815 1698 viro.

75 1730 90 1782 ⁵
104 1720 147 1779 Te
162 1736 231 1779 mea
245 1721 408 1796 supposita
422 1720 514 1783 veluti
529 1721 615 1782 trabe
629 1721 704 1782 fulta
717 1719 803 1780 ruina
822 1727 885 1780 est=

117 1814 122 1822 ’
146 1802 256 1880 Siquid
271 1805 372 1865 adhuc
387 1821 445 1880 ego
461 1821 544 1881 sum,
559 1804 693 1866 muneris
709 1819 799 1864 omne
813 1804 856 1863 tui
871 1809 927 1863 est.

103 1889 148 1948 Tu
164 1888 255 1963 facis,
270 1895 304 1949 ut
317 1888 450 1965 spolium
469 1904 531 1949 non
547 1890 618 1963 sim,
633 1903 691 1948 nec
705 1886 803 1946 nuder
816 1889 855 1949 atr
870 1886 939 1961 iltis,

146 1971 301 2047 Naufragii
316 1973 436 2034 tabulas
452 1975 505 2047 qui
521 1972 635 2047 petiere
650 1970 720 2029 mei.

105 2056 208 2130 thue
222 2071 320 2131 rapax
335 2058 508 2117 stimulante
528 2057 607 2115 samc
620 2055 815 2129 cupidusque
831 2067 947 2113 cruorrs

54 2149 89 2201 lo
141 2139 363 2201 incustoditum
378 2147 479 2215 captat
495 2140 575 2201 ovile
592 2140 692 2214 iupus,

102 2223 166 2283 Aut
179 2230 213 2284 ut
227 2224 307 2284 edax
325 2226 423 2284 vultur
435 2240 548 2300 corpus
564 2221 768 2296 circumspicit
782 2221 903 2296 ecquod

148 2305 212 2367 Sub
228 2307 310 2367 nulla
331 2308 465 2383 positum
481 2323 606 2368 cernere
621 2306 722 2382 possit
736 2305 838 2377 humo,
897 2306 899 2309 ’

104 2389 156 2450 Sic
170 2406 240 2450 mea
252 2391 359 2451 nescio
376 2392 460 2466 quis,
476 2392 568 2452 rebus
584 2390 758 2450 malefidus
774 2388 903 2461 acerbis,

143 2473 178 2532 ln
192 2473 276 2534 bona
289 2481 452 2550 venturus,
469 2476 495 2535 si
512 2480 665 2550 paterere,
688 2472 751 2533 fuit.

56 2566 89 2619 15
104 2559 192 2616 Hunc
207 2564 259 2618 tua
274 2574 331 2633 per
345 2559 440 2619 fortes
457 2558 551 2618 virtus
567 2557 731 2617 summovit
746 2556 871 2629 amicos,

143 2641 234 2701 Nulla
248 2643 359 2717 quibus
379 2642 466 2701 reddi
484 2643 580 2717 gratia
597 2642 688 2715 dignu
709 2646 819 2714 potest.

100 2723 182 2798 Ergo
199 2741 290 2799 quam
305 2726 434 2797 misero,
452 2732 514 2785 tam
529 2741 602 2785 vero
619 2729 697 2783 teste
712 2723 863 2798 probaris,

144 2807 201 2868 Hic
215 2809 341 2885 aliquod
356 2809 480 2884 pondus
495 2809 521 2868 si
536 2810 628 2868 modo
643 2807 729 2868 testis
750 2805 849 2866 habet.

104 2890 167 2951 Nec
181 2891 333 2968 probitate
346 2901 399 2954 tua
413 2894 497 2968 prior
514 2899 561 2952 cst
575 2899 627 2952 aut
641 2889 781 2951 Hectoris
797 2904 883 2959 uxor,

55 2985 90 3036 20
143 2975 207 3036 Aut
221 2992 325 3037 comcs
341 2977 474 3037 extincto
490 2977 656 3063 Laodamiq
669 2976 746 3035 viro.

102 3058 146 3118 Tu
162 3059 189 3119 si
204 3059 378 3122 Maeonium
398 3067 497 3121 vatem
514 3061 622 3120 sortita
636 3059 760 3128 fuisses,

144 3141 317 3221 Penelopes
334 3150 417 3206 esset
433 3145 513 3204 fama
527 3144 665 3205 secunda
683 3148 768 3202 tuae:

102 3223 176 3301 Sive
190 3227 243 3287 tibi
261 3229 322 3290 hoc
337 3228 448 3304 debes,
463 3229 546 3288 nulla
560 3229 612 3302 pia
627 3227 707 3286 iacta
721 3222 874 3299 magistra,

148 3309 285 3386 Cumque
300 3328 382 3373 nova
399 3327 501 3372 mores
517 3317 587 3372 sunt
601 3309 654 3371 tibi
669 3310 738 3370 luce
753 3307 825 3380 dati,

58 3401 91 3454 25
106 3392 232 3454 Femina
247 3411 304 3457 seu
318 3398 463 3473 princeps
483 3411 589 3458 omnes
605 3394 658 3455 tibi
674 3397 752 3455 culta
767 3407 824 3468 per
835 3405 933 3453 annos

146 3478 189 3538 Te
205 3477 297 3541 docet
310 3480 485 3556 exemplum
500 3479 639 3556 coniugis
656 3493 727 3538 esse
740 3477 850 3550 bonae,
