2318 3960
428 215 462 290 11,
485 213 662 279 tir-187.

57 373 105 428 150
159 364 307 441 Aequalis
322 366 424 426 rabies
440 367 662 442 continuusque
678 367 769 440 luror,

113 449 178 511 Sed
192 450 285 510 modo
300 449 462 510 subsidunt
475 449 702 524 intermissique
715 451 870 527 silescunt,

148 533 281 608 Vimque
295 539 385 608 putes
399 533 468 594 illos
484 534 670 609 deposuisse
685 549 787 595 suam:

117 616 168 677 Sic
185 616 299 677 abeunt
310 618 499 692 redeuntque
514 618 574 676 mci
590 617 768 692 variantque
783 617 917 696 timores,

152 699 191 760 ill
204 715 292 774 spem
306 701 449 775 placandi
465 701 599 776 dantque
614 708 787 776 negantque
800 703 852 763 tui.

57 793 101 846 155
112 783 169 843 Per
184 798 315 859 superos
330 784 429 860 igitur,
452 784 503 859 qui
518 784 591 845 dant
603 784 657 843 tibi
672 784 764 859 longa
778 785 954 864 dabuntque

148 866 307 942 Tempora,
328 868 498 927 Romanum
513 867 540 928 si
554 868 646 928 modo
662 883 773 928 nomen
788 879 903 931 amant=

107 949 164 1010 Per
178 951 314 1026 patriam,
340 966 420 1027 quae
433 959 463 1010 te
477 957 541 1011 tuta
554 958 585 1011 et
599 966 709 1013 secura
723 960 849 1028 parente
863 963 918 1030 est,

157 1033 257 1109 Cuius,
279 1040 313 1094 ut
326 1033 356 1093 in
372 1035 497 1110 populo,
520 1051 594 1110 pars
608 1051 665 1110 ego
681 1052 779 1111 nuper
793 1052 889 1097 eram:

110 1116 162 1177 Sic
177 1117 240 1193 tibi,
261 1132 352 1192 quem
367 1133 490 1194 semper
504 1118 592 1179 lactis
608 1120 771 1195 animoque
786 1122 920 1193 mereris,

57 1207 99 1262 ,61)
152 1200 309 1262 Reddatur
321 1208 426 1276 3111111
442 1201 561 1263 debitus
576 1200 667 1262 Urbis
683 1218 782 1262 amor=

109 1283 197 1344 Livia
211 1284 256 1345 sic
269 1292 370 1345 tecum
385 1285 517 1346 sociales
532 1287 685 1361 compleat
699 1302 806 1358 annos,

151 1367 250 1444 Quae,
271 1368 330 1429 nisi
346 1375 384 1442 tc,
406 1368 488 1429 nullo
505 1369 634 1443 coniuge
650 1369 819 1444 dignoscit,

111 1451 195 1525 Quae
210 1452 237 1511 si
250 1468 313 1512 uon
329 1459 421 1526 esset,
443 1452 564 1512 caelebs
578 1457 609 1511 te
622 1452 686 1512 vita
700 1452 831 1525 deceret,

148 1534 306 1610 Nullaque,
330 1535 381 1596 cui
393 1550 507 1611 posses
522 1551 594 1595 csse
608 1535 744 1611 maritus
764 1542 842 1597 erat:

57 1625 98 1680 ,55
110 1617 235 1694 Sospite
250 1619 296 1679 sic
309 1627 339 1679 tc
354 1620 394 1680 sit
407 1627 496 1680 natus
512 1635 638 1695 quoque
652 1635 775 1695 sospes,
799 1627 828 1681 et
843 1621 912 1681 olim

154 1702 315 1778 Imperium
328 1710 416 1778 regat
429 1703 488 1763 hoc
503 1718 572 1764 cum
588 1704 709 1764 seniore
724 1718 834 1763 senex:

109 1785 149 1846 Ut
164 1786 338 1863 iaciuntque
352 1786 404 1859 lui,
428 1786 515 1847 sidus
531 1786 672 1862 iuvenile,
694 1794 833 1862 nepotes,

147 1868 205 1929 Per
219 1877 270 1931 tua
284 1885 403 1946 perque
417 1870 466 1932 sui
481 1870 561 1930 lacta
575 1870 710 1945 parentis
725 1880 809 1933 eant:

110 1951 162 2013 Sic
177 1960 301 2014 11111111
314 1954 374 2014 tuis
390 1968 513 2030 semper
526 1953 665 2013 Victoria
679 1953 787 2012 castris

57 2043 98 2098 ,71)
148 2036 234 2098 Nunc
250 2052 374 2112 quoque
389 2051 424 2096 se
439 2042 575 2112 praestet
588 2041 723 2110 notaque
736 2034 824 2110 signa
839 2044 929 2112 petat,

109 2120 344 2196 Ausoniumque
358 2122 468 2181 ducam
483 2119 581 2179 solitis
597 2118 794 2180 circumvolet
808 2118 874 2194 alis,

148 2203 244 2265 Ponat
258 2210 288 2264 et
302 2205 332 2264 in
348 2204 444 2264 nilida
457 2205 563 2264 laurea
577 2210 659 2263 serto
674 2218 769 2275 coma,

101 2286 159 2346 Per
174 2303 265 2364 quem
280 2288 359 2348 bella
373 2287 464 2362 geris,
487 2288 573 2348 cuius
588 2302 669 2347 nunc
684 2302 814 2361 corpore
829 2301 958 2362 pugnas,

152 2371 333 2448 Auspicium
349 2371 395 2431 cui
412 2371 468 2431 das
484 2369 600 2445 grande
615 2370 754 2445 deosque
769 2377 847 2444 tuos,

62 2463 97 2518 75
109 2454 303 2531 dimidioque
317 2455 358 2514 tui
373 2470 523 2530 praesens
538 2459 569 2514 ct
581 2452 712 2529 respicis
727 2454 843 2526 urbem,

146 2537 277 2599 Dimidio
292 2539 402 2614 procul
416 2554 451 2598 es
466 2553 623 2614 saevaque
637 2537 718 2597 bella
732 2537 829 2612 geris:

108 2621 166 2680 Hic
181 2622 233 2681 tibi
249 2623 294 2682 sic
308 2623 415 2683 redeat
430 2627 575 2697 superato
591 2620 689 2681 vietor
701 2618 740 2681 ab
755 2621 853 2693 hoste,

147 2706 242 2781 Inque
258 2705 411 2767 coronatis
427 2706 541 2780 fulgeat
555 2705 635 2765 altus
650 2706 754 2780 equis=

107 2788 211 2862 Parce,
234 2805 353 2866 precor,
376 2790 551 2864 fulmenque
565 2795 658 2863 tuum,
679 2788 745 2848 iera
758 2789 826 2861 tela,
848 2785 991 2860 reconde,

57 2880 98 2934 ‚80
151 2872 217 2932 Heu
232 2874 357 2934 nimium
372 2873 485 2933 misero
502 2873 623 2947 cognita
636 2872 697 2931 tela
711 2870 794 2930 mihi!

105 2955 210 3029 Parce,
233 2963 321 3032 pater
334 2957 459 3032 patriae,
479 2973 536 3016 nec
553 2955 684 3016 nominis
699 2955 847 3014 inmemor
860 2951 949 3012 huius

153 3038 230 3099 Olim
246 3041 388 3116 placandi
402 3056 490 3116 spem
504 3039 577 3099 mihi
591 3040 664 3100 tolle
677 3039 734 3096 tui!

107 3122 175 3181 Non
190 3138 309 3200 precor,
332 3131 365 3185 ut
378 3126 511 3184 redeam.
546 3121 685 3197 quamvis
701 3120 817 3180 maiora
832 3118 933 3194 petitis

149 3204 300 3268 Credibile
317 3214 365 3268 cst
378 3223 508 3282 magnos
523 3221 619 3280 saepe
634 3204 761 3265 dedisse
775 3203 867 3263 dcos=

57 3296 96 3350 ,85
106 3287 209 3349 Mitius
224 3290 347 3350 exilium
363 3291 390 3350 si
405 3291 461 3350 das
478 3289 669 3365 propiusque
683 3286 810 3362 roganti,

150 3370 224 3432 Pars
240 3373 296 3432 erit
310 3390 327 3433 e
342 3390 443 3450 poena
457 3387 567 3447 magna
582 3374 682 3432 levata
696 3387 773 3431 mea.

103 3455 215 3516 Ultima
229 3456 385 3533 perpetior
399 3456 517 3516 medios
534 3455 689 3531 proiectus
704 3454 736 3514 in
749 3453 865 3527 hostes,
