2318 3960
99 214 163 281 328
482 207 507 268 F
512 206 737 270 ASTORUM

185 363 236 422 ille
250 367 409 422 miserum!
426 359 602 420 dubitatisi·
618 359 668 418 ait.
700 359 839 420 dubitare
851 359 986 434 videbat,

228 446 265 504 Et
278 445 410 522 pavidas
425 444 528 519 posito
544 442 749 520 procubuisse
764 459 855 519 genu.

186 530 295 590 Haurit
307 545 421 604 aquas,
438 529 612 602 tollensque
627 543 754 602 manus,
769 527 966 602 ‘Ignoscite’
981 527 1061 590 dixit

121 625 173 679 450
231 612 354 674 ‘Sacrat
370 612 417 671 vir
430 612 549 672 intrabo
561 627 623 670 non
638 611 781 671 adeunda
794 612 873 671 viro.

188 696 220 758 Si
238 698 341 758 scelus
356 703 419 768 est,
435 697 466 756 in
481 712 531 755 me
546 694 702 756 commissi
716 710 819 770 poena
832 695 1001 757 redundate

230 781 276 842 Sit
294 781 402 856 capitis
418 780 529 841 damno
544 779 643 839 Roma
656 780 757 841 soluta
772 780 854 840 mei?

185 865 281 936 Dixit,
296 871 327 925 et
341 863 456 940 irrupit.
486 863 597 923 iactum
613 863 672 924 dea
685 870 775 939 rapta
788 864 939 938 probavit,

226 947 444 1022 Ponnflcisque
458 948 505 1007 sui
520 963 645 1007 munere
658 953 723 1008 tuta
737 948 802 1008 luit.

120 1039 173 1092 455
187 1032 273 1092 Nunc
288 1032 368 1092 bene
381 1032 490 1094 lucetis
505 1046 613 1092 sacrae
624 1030 683 1092 sub
699 1031 832 1093 Caesare
846 1030 1002 1097 flammeos

225 1117 307 1192 Ignis
322 1116 353 1175 in
368 1116 469 1177 iliacis
483 1130 564 1175 nunc
578 1114 636 1176 erit
652 1123 763 1191 estque
777 1116 866 1176 iocis.

186 1200 337 1274 Nullaque
351 1201 470 1263 dicetur
478 1199 570 1260 vittas
588 1206 758 1260 temerasse
775 1198 925 1260 sacerdos

227 1284 294 1344 lloc
309 1283 404 1360 duce,
419 1298 477 1343 nec
490 1283 564 1344 viva
578 1283 753 1344 defodietur
768 1284 873 1345 humo.

187 1366 239 1427 Sic
252 1367 371 1428 incesta
385 1366 472 1443 perit
502 1366 575 1443 quia
590 1383 682 1443 quam
697 1368 838 1441 violavit,
854 1367 886 1428 in
904 1367 988 1428 illam

121 1451 173 1506 loo
228 1451 388 1526 conditur,
405 1458 435 1512 et
448 1452 549 1512 Tellus
563 1453 723 1527 Vestaque
737 1468 849 1514 numen
864 1451 946 1512 idem
961 1457 1018 1512 est.

184 1536 259 1595 'lum
275 1534 333 1596 sibi
349 1535 480 1596 Callaico
494 1535 607 1597 Brutus
623 1551 794 1611 cognomen
810 1536 849 1596 ab
864 1536 956 1598 ho's'te

226 1619 324 1691 Fecit,
341 1625 370 1680 et
384 1619 552 1695 Hispanam
566 1620 717 1695 sanguine
731 1621 821 1680 tinxit
833 1620 969 1682 humum.

188 1702 310 1763 Scilicet
324 1702 474 1764 interdum
488 1703 655 1764 miscentur
668 1704 766 1765 tristia
780 1705 880 1776 laetis,

226 1787 289 1846 Nec
306 1788 455 1863 populum
469 1794 533 1848 toto
549 1794 674 1863 pectore
690 1789 768 1849 iesta
779 1788 893 1849 iuvant

120 1878 172 1934 465
190 1872 320 1932 Crassus
335 1871 375 1932 ad
389 1871 565 1946 Euphraten
580 1873 699 1948 aquilas
715 1879 881 1948 natumque
895 1887 1037 1947 suosque

226 1954 375 2030 Perdidit,
392 1962 423 2016 et
437 1957 497 2017 leto
512 1962 561 2017 est
574 1957 699 2018 ultimus
715 1958 785 2032 ipse
800 1957 900 2017 datus.

185 2037 319 2111 ‘Partha
336 2039 411 2114 quid
426 2041 546 2100 exultas
554 2045 580 2099 i’
597 2041 674 2101 dixit
687 2040 747 2102 dea
762 2041 865 2116 ‘signa
879 2040 1036 2102 remittesr

226 2121 345 2197 Quique
359 2138 466 2183 necem
481 2123 585 2185 Crassi
600 2125 750 2198 vindicet,
766 2126 848 2186 ultor
861 2125 939 2185 erit!

549 2256 598 2320 10.
618 2259 680 2318 AN

183 2376 224 2434 Αι
239 2374 330 2435 simul
345 2374 449 2435 auritis
465 2375 565 2435 violae
581 2376 743 2437 demuntur
762 2376 876 2451 asellis,

121 2465 175 2523 470
229 2458 268 2518 Et
282 2457 400 2518 Cereris
417 2459 521 2533 fruges
538 2475 651 2536 aspera
666 2477 745 2521 saxa
758 2467 866 2535 terunt,

186 2542 294 2603 Navita
309 2557 414 2617 puppe
430 2542 545 2604 sedens
561 2541 725 2619 ‘Delphina
740 2543 911 2605 videbimus
919 2548 940 2619 ,’
955 2543 1056 2620 inquit

227 2625 348 2688 ‘Umida
364 2641 432 2686 curn
447 2628 538 2702 pulso
556 2629 690 2688 nexerit
705 2628 858 2690 ortadie.’

462 2761 512 2826 11.
536 2761 764 2822 emnia-lt

185 2877 262 2953 lam,
276 2877 396 2957 Phryx,
412 2896 431 2940 a
445 2886 540 2955 nupta
554 2879 710 2956 quereris,
724 2877 866 2954 Tithone,
881 2879 1024 2956 relinqui,

222 2961 261 3022 m
278 2962 349 3038 vigil
363 2964 430 3024 eois
445 2963 566 3024 Lucifer
580 2963 643 3023 exit
657 2963 757 3037 aquis.
806 3004 807 3007 ,
944 3006 947 3012 ·
977 3010 981 3015 .

121 3051 172 3110 llo
187 3047 245 3119 lte,
260 3045 362 3108 bonae
376 3055 535 3120 matres,...
552 3054 690 3107 vestrum
703 3046 844 3107 Matralia
857 3048 1001 3108 ieonum...

162 3193 165 3197 ,
227 3129 382 3206 Flavaque
396 3131 559 3192 Thebanae
574 3130 694 3191 reddite
710 3131 770 3190 liba
785 3131 873 3192 deae.

186 3215 332 3277 Pontibus
348 3223 378 3275 et
392 3231 503 3290 magno
517 3216 620 3276 iuncta
634 3221 683 3275 est
699 3214 898 3276 celeberrima
911 3214 1016 3278 circo·

227 3300 324 3373 Area,
341 3315 421 3374 quae
437 3300 537 3374 posito
554 3300 593 3360 de
607 3299 689 3360 bove
704 3314 816 3360 nomen
831 3299 934 3361 hahet.

187 3385 253 3445 Hac
266 3381 308 3442 ibi
323 3383 392 3444 luce
407 3383 506 3443 ierunt
519 3383 652 3443 illatutae
666 3398 757 3444 sacra
771 3384 889 3458 parenti

126 3474 178 3531 too
235 3465 438 3544 Sceptriferas
456 3465 543 3527 Servi
558 3468 673 3542 templa
687 3467 815 3528 dedisse
828 3484 949 3528 manus.
