2318 3960
423 245 454 289 v.
478 225 654 292 llo-221.

153 381 253 443 Tertia
267 383 418 442 lumantes
433 382 578 456 incoquet
593 383 665 457 igne
682 397 789 456 genas.

61 476 95 531 86
106 467 207 528 Noxia
220 466 302 526 mille
316 465 417 526 modis
431 464 615 526 lacerabitur
628 466 745 540 umbra
764 474 896 540 tuosque

151 554 275 610 Aeacus
289 549 320 609 in
337 564 456 625 poenas
470 549 649 624 ingeniosus
664 550 729 608 erit.

108 635 142 692 ln
158 640 188 694 te
203 631 386 694 transcribet
400 639 536 693 veterum
549 638 701 692 tormento
714 647 849 692 reorumt

151 715 293 778 Manibus
308 716 442 792 antiquis
457 731 552 777 causa
567 717 678 792 quietis
693 717 765 775 eris.

109 798 255 876 Sisyphe,
280 801 328 860 cui
343 800 449 862 tradas
462 797 633 860 revolubile
648 800 780 876 pondus,
803 797 949 858 habebist

61 888 96 942 90
150 883 327 944 Versabunt
341 886 458 943 celeres
472 898 554 944 nunc
569 899 652 945 nova
665 881 802 943 membra
815 889 910 942 rotae.

106 968 163 1026 Hic
178 974 209 1027 et
222 968 288 1040 erit,
309 983 414 1028 ramos
429 967 542 1027 trustra
558 968 611 1042 qui
626 974 737 1042 captet,
759 973 790 1026 et
802 967 918 1031 ondas=

148 1051 205 1110 Hic
220 1051 437 1127 inconsumpto
454 1051 575 1111 viscere
594 1059 703 1126 pascet
717 1053 802 1110 aves.

107 1133 170 1194 Nec
185 1136 291 1195 mortis
307 1151 426 1211 poenas
440 1149 525 1194 mors
541 1135 636 1194 altera
651 1134 735 1193 liniet
748 1133 850 1208 huius,

148 1218 295 1293 Horaque
309 1219 366 1278 erit
377 1218 470 1278 tantis
485 1218 590 1279 ultima
604 1218 686 1278 rudia
700 1216 798 1277 malis.

61 1306 94 1360 95
107 1301 182 1362 lude
197 1317 256 1378 ego
271 1318 372 1379 pauca
386 1318 504 1363 canam.
537 1301 663 1362 irondes
678 1307 712 1361 ut
725 1301 823 1374 siquis
838 1301 877 1360 ab
893 1301 957 1377 lda,

119 1428 120 1431 ,
148 1389 210 1445 Aut
224 1402 373 1447 summam
388 1385 506 1462 Libyco
522 1386 562 1446 de
576 1400 661 1445 mare
675 1393 782 1458 carpat
795 1401 916 1458 aquam

105 1469 183 1529 Nam
197 1485 298 1544 neque
314 1478 388 1544 quot
402 1469 498 1531 flores
513 1467 617 1529 Sicula
631 1474 796 1529 nascantur
809 1468 840 1527 in
855 1468 965 1545 Hybla,

149 1553 267 1627 Quotve
282 1555 367 1629 ierat
390 1553 500 1628 dicam,
522 1560 603 1614 terra
618 1552 728 1612 Cilissa
743 1567 863 1623 crocos,

106 1636 170 1696 Nec
185 1652 254 1698 cum
267 1636 363 1698 tristIs
373 1636 472 1697 hiems
487 1636 643 1712 aquilonis
657 1636 806 1696 inhorruit
821 1636 888 1709 alis,

61 1734 96 1787 oo
149 1720 245 1795 Quam
259 1721 353 1782 mtdta
366 1721 420 1781 ilat
433 1721 583 1796 grandine
600 1735 698 1781 curtus
711 1719 827 1780 Athos=

105 1803 169 1864 Nec
184 1806 264 1864 mala
277 1819 358 1865 voce
371 1820 441 1864 mea
456 1811 600 1879 poterunt
613 1812 666 1865 tua
680 1811 789 1864 cuncta
802 1804 920 1877 referri,

150 1886 210 1948 0ra
224 1889 295 1949 licet
307 1887 424 1948 tribuas
439 1887 638 1963 multiplicata
651 1886 735 1947 milri.

104 1973 162 2032 Tot
175 1971 229 2031 tibi
245 1979 318 2031 vac!
337 1973 450 2032 misero
466 1971 590 2032 venient
602 1971 743 2044 talesque
757 1970 873 2044 ruinae,

145 2055 185 2115 Ut
200 2056 268 2130 cogi
283 2055 314 2114 in
329 2055 471 2114 lacrimas
486 2071 536 2115 me
551 2068 676 2128 quoque
690 2068 787 2128 posse
801 2060 914 2129 putem.

61 2154 93 2207 05
104 2139 179 2198 lllae
192 2154 242 2198 me
255 2140 399 2199 lacrimae
414 2139 527 2198 facient
541 2138 609 2198 sine
622 2138 685 2197 line
699 2137 837 2197 beatumt
938 2163 940 2168 =

148 2222 274 2283 Dtdcior
287 2221 338 2283 hic
352 2223 416 2282 risu
430 2231 503 2283 tunc
517 2222 591 2281 milri
605 2220 697 2282 fletus
712 2221 778 2280 erit.

106 2306 202 2366 Natus
217 2321 252 2366 es
266 2305 402 2380 insolitu..
418 2307 460 2366 ita
475 2307 506 2366 di
520 2308 684 2368 voluere...
700 2319 758 2364 nec
771 2305 834 2364 ulla

148 2389 317 2451 Commoda
330 2392 469 2450 nascenti
485 2391 575 2450 stella
587 2389 728 2463 levisque
743 2388 807 2448 luit.
831 2406 837 2418 ·

105 2474 174 2534 Non
188 2474 296 2534 Venus
312 2473 445 2547 adfulsit,
470 2490 532 2534 non
547 2475 599 2533 illa
612 2472 749 2549 luppiter
761 2471 847 2547 hora,
935 2498 937 2502 ⁸

60 2575 95 2626 10
144 2556 292 2632 Lunaque
306 2573 370 2617 non
385 2564 457 2633 apto
473 2558 584 2632 solque
599 2559 685 2619 luere
698 2558 778 2631 loco,

105 2640 169 2700 Nec
183 2641 259 2702 satis
276 2640 388 2702 utiliter
402 2641 523 2716 positos
537 2640 590 2700 tibi
605 2639 747 2716 praebuit
760 2640 847 2714 ignes

146 2725 243 2799 Quem
256 2725 377 2803 peperit
390 2740 501 2800 magno
517 2724 619 2784 lucida
632 2723 714 2783 Maia
727 2723 803 2783 lovi.

105 2809 147 2867 Te
164 2808 228 2868 iera
243 2825 300 2869 nec
316 2809 482 2884 quicquam
498 2808 652 2884 plauidum
669 2805 855 2883 spondentia
868 2806 971 2868 Martis

148 2891 258 2967 Sidera
272 2900 462 2970 presserunt,
482 2892 673 2966 lalcilcrique
687 2892 782 2950 senis.

61 2990 92 3040 15
105 2976 173 3036 Lux
189 2992 313 3053 quoque
328 2976 448 3049 natalis,
470 2993 511 3036 ne
526 2976 601 3051 quid
614 2974 675 3035 nisi
689 2975 775 3034 triste
788 2973 923 3049 videres,

147 3061 259 3136 Turpis
274 3068 304 3120 et
318 3060 450 3120 inductis
465 3059 597 3120 nubibus
612 3067 678 3118 atra
692 3058 756 3117 luit.

105 3143 190 3204 Haec
205 3150 262 3218 est,
284 3145 314 3204 in
331 3144 418 3204 lastis
434 3145 482 3204 cui
498 3143 551 3205 dat
564 3141 670 3217 gravis
684 3142 766 3201 Allia
780 3157 901 3216 nomen,

148 3226 294 3303 Quaeque
310 3228 377 3288 dies
391 3227 467 3302 ibin,
490 3225 615 3303 publica
629 3226 750 3298 damna,
771 3224 846 3285 tulit

108 3310 164 3384 Qui
179 3311 270 3373 simul
283 3312 403 3387 impura
415 3312 520 3371 matris
540 3310 707 3387 prolapsus
723 3307 761 3368 ab
776 3311 847 3369 alvo

61 3402 94 3455 to
148 3393 330 3473 Cinyphiam
345 3395 438 3455 loedo
454 3410 585 3470 corpore
600 3393 715 3470 pressit
728 3392 861 3468 humum,

109 3477 196 3539 Sedit
209 3479 239 3537 in
256 3480 390 3540 adverso
405 3486 573 3541 nocturnus
588 3478 719 3540 culmine
731 3475 827 3552 bubo,
