2318 3960
457 222 512 296 ill,
535 221 711 287 ate-348.
1031 224 1093 289 25³

163 375 292 452 Quoque
306 376 398 435 modo
415 374 514 449 possit
529 375 649 452 fulmen,
665 384 839 450 monstrate,
855 375 956 452 piaris

204 458 255 519 Sic
269 460 376 518 Numa.
405 457 456 519 Sic
472 459 612 534 quatiens
628 476 742 520 cornua
755 459 878 520 Faunus
894 460 949 522 ait:
980 459 982 464 ’

161 541 286 617 ‘Magna
299 543 387 618 petis,
411 557 467 602 nec
487 559 567 616 quae
582 546 697 605 monitu
710 544 764 604 tibi
779 544 899 603 discere
913 551 1019 607 nostro

202 626 261 685 Fas
277 626 324 686 sit.
357 625 470 686 habent
483 626 553 687 finis
567 628 692 687 numina
706 634 811 689 nostra
826 641 911 687 suos.

88 719 145 773 ³15
160 710 197 769 Ili
211 726 317 770 sumus
333 717 480 784 agrestes,
502 717 532 770 et
547 710 598 785 qui
616 712 807 773 dominemur
820 711 851 769 in
865 711 935 770 altis

201 793 366 855 Montibus
396 793 549 854 arbitrium
565 796 656 854 estin
678 812 735 856 sua
748 795 810 855 tela
823 793 899 853 lovi.

160 877 249 937 Hunc
264 884 295 937 tu
310 893 371 936 uon
386 878 502 953 poteris
517 895 574 952 per
588 886 618 938 te
632 880 787 939 deducere
803 878 907 938 caelo:

202 962 244 1020 At
258 962 373 1036 poteris
388 969 494 1023 nostra
508 962 635 1022 forsitan
649 980 725 1024 usus
745 967 828 1038 ope!

161 1044 286 1104 Dixerat
300 1045 376 1105 haec
388 1046 522 1106 Faunus.
551 1062 608 1120 par
622 1053 669 1106 est
684 1046 834 1106 sententia
848 1045 920 1109 Pici.

88 1135 145 1190 320
202 1129 309 1189 ‘Deme
323 1137 423 1189 tamen
438 1129 528 1191 nobis
543 1130 688 1201 vincula,’
708 1129 797 1189 Picus
813 1129 855 1188 ait

163 1212 311 1288 ‘luppiter
324 1213 384 1272 huc
401 1214 510 1286 veniet,
533 1213 635 1273 valida
650 1213 816 1290 perductus
832 1211 870 1271 ab
886 1218 961 1273 arte.

201 1296 310 1356 Nubila
326 1297 472 1372 promissi
487 1296 565 1374 Styx
580 1297 653 1356 mihi
668 1297 755 1360 testis
771 1296 849 1357 erit!

160 1377 273 1440 Emissi
286 1381 407 1455 laqueis
424 1382 497 1456 quid
511 1389 611 1456 agant,
634 1397 714 1456 quae
728 1381 864 1441 carmina
878 1379 989 1456 dicant,

203 1463 330 1539 Quaque
345 1464 464 1525 trahant
478 1466 599 1540 superis
614 1465 741 1526 sedibus
757 1472 821 1524 arte
835 1465 948 1536 lovem,

88 1553 144 1606 ³25
160 1543 246 1606 Scire
262 1548 349 1608 nefas
364 1547 488 1608 homini.
518 1549 613 1610 Nobis
629 1564 783 1610 concessa
797 1553 951 1622 canentur,

203 1631 349 1706 Quaeque
366 1632 416 1707 pio
432 1632 492 1693 dici
508 1634 586 1693 vatis
601 1634 639 1692 ab
655 1649 708 1693 ore
725 1633 804 1692 licet.

159 1715 290 1774 Eliciunt
305 1716 391 1775 caelo
408 1722 445 1789 te,
468 1717 614 1792 luppiter.
640 1718 723 1777 unde
738 1715 873 1775 minores

198 1798 284 1858 Nunc
299 1814 424 1874 quoque
438 1807 468 1860 te
482 1801 646 1874 celebrant,
660 1800 851 1875 Eliciumque
865 1805 987 1859 vocant

161 1883 286 1943 Constat
298 1883 470 1943 Aventinae
485 1884 646 1943 tremuisse
662 1883 820 1943 cacumina
835 1883 940 1956 silvae,

88 1971 143 2025 ³30
197 1967 353 2041 Terraque
367 1966 507 2027 subsedit
521 1968 658 2042 pondere
673 1982 783 2041 pressa
798 1966 889 2027 lovis.

162 2051 262 2111 Corda
276 2049 389 2110 micant
401 2052 493 2126 regis,
516 2058 642 2125 totoque
656 2065 674 2110 e
690 2057 814 2125 pectore
830 2049 956 2124 sanguis

201 2133 297 2208 Fugit,
313 2141 342 2193 et
356 2134 491 2195 hirsutae
506 2136 666 2209 deriguere
680 2149 797 2196 comae.

159 2218 200 2277 Ut
214 2219 303 2278 rediit
318 2219 445 2293 animus,
467 2219 526 2278 ‘lla
541 2225 624 2279 certa
639 2217 783 2294 piamina’
799 2217 877 2276 dixit

201 2301 356 2373 Fulminis
378 2303 508 2363 altorum
523 2319 641 2383 rexque
654 2309 805 2378 paterque
820 2301 920 2374 deum,

91 2391 147 2448 836
161 2384 194 2445 Si
207 2392 260 2445 tua
273 2385 455 2461 contigimus
472 2387 612 2446 manibus
627 2386 756 2447 donaria
778 2385 880 2461 puris=

198 2470 266 2529 Hoc
281 2485 421 2544 quoque,
442 2470 527 2544 quod
542 2471 667 2545 petitur,
685 2471 711 2532 si
727 2470 778 2545 pia
793 2469 896 2544 lingua
909 2470 1019 2542 rogat!

160 2554 277 2613 Annuit
291 2555 397 2614 oranti.
426 2554 483 2614 sed
498 2570 604 2613 verum
619 2554 747 2629 ambage
762 2559 880 2613 remota

201 2636 342 2709 Abdidit,
364 2646 394 2697 et
408 2637 500 2698 dubio
515 2638 620 2697 terruit
635 2653 688 2696 ore
707 2639 814 2698 virum.

161 2721 277 2780 ‘Caede
293 2727 396 2796 caput’
412 2721 496 2780 dixit.
526 2721 575 2780 cui
589 2736 645 2779 rex
660 2720 863 2780 ‘parebimus’
877 2717 989 2792 inquit:

94 2810 147 2865 340
203 2806 367 2864 caedenda
382 2813 429 2866 est
443 2804 539 2865 hortis
555 2811 641 2864 eruta
655 2820 733 2879 cepa
746 2805 846 2863 meis.'

160 2889 289 2949 Addidit
302 2890 352 2948 hic
368 2889 542 2950 ‘Hominis'
569 2893 732 2948 ‘summos’
747 2888 789 2946 ait
801 2888 852 2946 ille
867 2886 1033 2961 ‘capillos'

200 2973 337 3034 Postulat
351 2972 401 3032 hic
414 2974 556 3032 animam.
587 2972 635 3033 cui
649 2972 745 3032 Numa
759 2970 881 3045 ‘piscis’
896 2971 947 3030 ait.

160 3057 247 3130 Risit,
267 3064 297 3117 et
311 3056 391 3116 ‘His’
406 3057 504 3132 inquit
520 3057 624 3117 ‘facito
639 3072 708 3116 mea
722 3056 782 3117 tela
797 3069 953 3130 procures,

203 3141 226 3200 0
240 3142 288 3200 vir
301 3141 465 3214 conloquio
480 3157 541 3201 uon
557 3142 707 3216 abigende
727 3141 826 3200 deum.

95 3231 145 3285 ³45
162 3223 224 3284 Sed
239 3226 300 3301 tibi,
321 3225 481 3301 protulerit
490 3241 564 3286 curn
578 3231 673 3284 totum
689 3225 838 3285 crastinus
855 3218 957 3280 orbem

200 3310 355 3386 Cynthius,
378 3311 496 3385 imperii
511 3309 641 3384 pignora
653 3316 735 3368 certa
750 3307 854 3369 dabo!

161 3391 252 3465 Dixit,
268 3401 298 3454 et
311 3394 425 3469 ingenti
440 3394 552 3454 tonitru
566 3408 661 3467 super
675 3393 799 3452 aethera
812 3395 927 3450 motum

201 3477 322 3549 Fertur,
344 3479 522 3538 adorantem
538 3475 733 3551 destituitque
747 3477 884 3536 Numam.
