2318 3960
430 218 487 291 lv,
512 217 548 291 9,
568 216 704 281 ἳθ-νθδ.

189 368 361 431 Successor
378 368 452 430 tanti
469 370 562 430 irater
577 371 705 432 honoris
724 371 788 431 erit.

144 451 222 513 Nam
235 451 289 514 tibi
304 453 421 514 linitum
439 469 574 527 summo,
591 455 754 528 Graeciae,
770 455 932 524 Deccmbri

91 546 129 602 σο
184 535 349 613 Imperium
362 535 427 597 lani
446 537 577 612 suscipit
595 537 646 599 ille
665 538 726 598 die.

146 619 294 696 Quaeque
313 627 362 682 est
380 618 410 678 in
426 619 515 681 vobis
531 622 645 696 pietas,
666 622 782 685 alterna
796 623 900 685 seretis

187 702 322 778 Gaudia,
336 711 369 763 tu
383 703 486 764 iratris
502 704 654 777 fascibus,
670 705 721 765 ille
735 705 805 766 tuis.

146 784 199 848 Sic
213 793 245 847 tu
261 785 309 847 bis
325 786 420 847 fueris
440 788 566 862 consul,
585 786 635 849 bis
650 790 760 853 consul
774 796 805 849 et
822 790 881 862 ille,

186 872 284 946 laque
299 870 392 931 domo
411 869 509 933 bimus
528 871 735 948 conspicietur
748 871 858 935 honor.

90 959 128 1015 fit
144 952 201 1028 Qui
221 968 407 1029 quamquam
421 961 470 1015 est
485 954 602 1029 ingens,
618 961 650 1015 et
665 956 780 1017 nullum
794 956 902 1017 Martia
916 973 1034 1019 summo

186 1037 287 1098 Aluus
301 1036 463 1114 imperium
478 1040 606 1100 consule
621 1041 720 1101 Roma
736 1039 829 1114 videt,

143 1119 325 1197 Multiplicat
337 1129 438 1183 tamen
452 1122 535 1183 hunc
548 1123 684 1197 gravitas
699 1123 834 1183 auctoris
848 1122 1006 1195 honorem,

187 1204 226 1265 lit
239 1205 429 1267 maiestatem
442 1221 495 1266 res
510 1207 582 1267 data
597 1205 697 1269 dantis
712 1204 814 1265 habet.

142 1287 268 1349 Iudiciis
283 1288 373 1364 igitur
387 1289 478 1350 liceat
490 1288 665 1363 Flaccoque
677 1289 796 1363 tibique

90 1375 129 1432 71)
186 1372 310 1434 Talibus
322 1373 455 1448 Augusti
469 1380 589 1448 tempus
609 1375 640 1433 in
655 1389 745 1434 omne
760 1373 829 1432 lrui.

94 1484 96 1491 v
142 1455 184 1516 Ut
197 1461 298 1516 tumen
317 1472 454 1517 aterum
473 1472 547 1519 cura
564 1457 712 1532 ,propiore
725 1455 855 1529 vacabit,

186 1541 270 1600 vou
287 1555 399 1615 precor
412 1540 494 1600 volte
509 1539 612 1602 addite
625 1547 731 1602 vestra
749 1539 836 1600 meis.

141 1622 222 1684 Etsi
242 1639 332 1698 quem
348 1622 432 1684 dabit
450 1640 525 1683 aura
538 1624 654 1698 sinum,
669 1627 770 1687 laxate
784 1623 942 1695 rudentes,

183 1706 314 1767 Excute
333 1705 449 1783 Stygiis
464 1714 496 1766 ut
509 1723 579 1767 mea
592 1709 681 1768 navis
698 1707 798 1783 aquis.

89 1796 127 1853 75
140 1788 274 1851 Praeiuit
288 1789 351 1866 his,
369 1790 531 1863 Graeciae,
547 1791 625 1852 locis
640 1792 734 1852 motio
745 1790 887 1851 Flaccus.
917 1797 949 1850 ct
961 1790 1013 1851 illo

184 1873 264 1950 Ripa
278 1874 367 1934 ierox
380 1873 475 1934 Histri
489 1872 548 1935 sub
563 1875 643 1936 duce
657 1881 721 1936 tuta
736 1873 804 1933 luit.

141 1957 199 2016 Hic
213 1956 309 2017 tenuit
322 1956 430 2035 Mysas
446 1964 554 2032 gentes
570 1958 601 2016 in
616 1973 694 2033 pace
712 1957 812 2017 fidelia

185 2041 242 2101 Hic
256 2057 330 2101 arcu
342 2039 420 2101 fisos
435 2041 540 2102 termut
558 2057 633 2101 ense
649 2040 750 2101 Getas.

141 2122 198 2184 Hic
212 2131 330 2200 raptam
342 2125 482 2185 Trosmin
499 2124 590 2185 celeri
605 2124 716 2185 virtute
735 2122 859 2198 recepit,

90 2215 129 2270 811
186 2208 355 2283 iniecitque
369 2208 434 2268 lero
455 2209 605 2283 sanguine
618 2207 800 2269 Danubium.

144 2290 261 2366 Quaere
277 2291 337 2353 loci
352 2291 461 2351 taciem
476 2290 674 2368 Scythicique
688 2289 883 2352 incommoda
902 2290 988 2364 caeli,

185 2375 224 2434 Et
239 2391 331 2451 quam
344 2375 447 2435 vicino
462 2380 578 2436 terrear
591 2375 696 2448 hoste,
709 2390 803 2449 roga=

144 2455 251 2518 Sintne
265 2459 336 2518 litae
355 2465 464 2520 tenues
479 2459 630 2534 serpentis
645 2459 716 2518 ielie
730 2457 868 2532 sagittae,

184 2542 251 2601 Fiat
264 2558 302 2602 an
321 2541 487 2603 humanum
504 2542 626 2602 victima
644 2541 711 2600 dire
726 2548 832 2615 capula

88 2633 125 2688 85
140 2625 284 2698 Mentiar,
300 2641 340 2684 an
355 2631 444 2686 coeat
458 2626 584 2686 duratus
601 2626 714 2700 frigore
730 2630 850 2699 pontus,

181 2710 221 2770 Et
232 2714 335 2769 teneat
352 2709 467 2784 glacies
481 2708 587 2782 iugera
600 2708 695 2768 multa
708 2707 785 2767 irati.

141 2793 225 2853 Haec
239 2791 293 2853 ubi
307 2792 450 2865 narrarit,
468 2808 546 2866 quae
561 2791 601 2852 sit
616 2806 685 2851 mea
698 2792 792 2860 iuna,
808 2789 939 2865 require,

185 2876 313 2953 Quoque
330 2876 423 2936 modo
438 2891 584 2950 peragam
599 2881 739 2950 tempora
752 2873 844 2946 dura,
859 2888 945 2947 roga.

140 2959 204 3020 Nec
220 2976 327 3021 santus
342 2959 392 3019 hie
412 2959 502 3031 odio,
517 2974 575 3021 nec
590 2959 708 3021 scilieet
722 2972 793 3018 esse
807 2971 966 3029 meremur,

91 3051 129 3106 90
183 3044 247 3103 Nec
262 3059 330 3103 cum
344 3044 466 3104 fortuna
480 3058 567 3103 mens
582 3058 709 3119 quoque
721 3056 813 3102 versa
826 3054 895 3098 mea
909 3054 965 3099 est.

140 3127 195 3186 Illa
210 3127 300 3203 quies
315 3127 431 3198 animo,
453 3142 543 3201 quam
558 3133 591 3188 tu
605 3128 733 3188 laudare
748 3122 881 3195 solebas,

184 3212 238 3271 llle
252 3218 341 3272 vetus
356 3211 446 3272 solito
463 3217 580 3285 perstat
598 3211 628 3269 in
645 3226 698 3271 ore
713 3209 823 3285 pudor.

141 3293 193 3355 Sic
208 3310 266 3370 ego
282 3311 348 3355 sum
366 3292 501 3369 pridem,
517 3294 563 3354 sic
576 3293 640 3368 hic,
655 3293 708 3353 ubi
720 3288 992 3365 barbarus’hostis,

181 3377 222 3440 Ut
235 3379 300 3438 iera
314 3380 384 3454 plus
399 3379 521 3439 valeant
533 3376 652 3452 legibus
671 3391 769 3449 arma,
790 3375 871 3447 iacit,

86 3469 127 3524 115
140 3461 216 3522 Rem
232 3469 325 3538 queat
337 3470 371 3523 ut
384 3461 498 3522 nullam
512 3468 557 3522 tot
572 3460 648 3533 iam,
669 3459 830 3531 Graeciae,
847 3470 1014 3535 perennes

43 3552 46 3560 '
182 3546 306 3606 Femina
321 3547 360 3606 de
374 3544 464 3605 nobis
478 3545 564 3604 virve
579 3560 695 3620 puerve
713 3543 809 3619 queri.
