2318 3960
379 224 439 296 ur,
461 223 495 300 1,
517 221 637 300 ao-s,
658 221 688 284 5.

111 378 241 440 Pectora
253 376 301 437 sic
314 391 384 436 mea
399 382 471 436 sunt
484 374 556 434 limo
571 372 676 434 videta
689 375 848 448 malormn,

58 473 96 527 so
151 461 190 522 Et
202 474 326 520 carmen
340 474 421 518 vana
434 456 620 534 pauperiore
635 457 711 518 duit

112 545 145 607 Si
160 545 230 621 quis
245 544 275 603 in
292 542 352 602 lrac
364 542 466 618 ipsum
481 549 563 602 terra
577 541 736 615 posuisset
748 542 925 612 Homerum,

151 629 259 700 Esset,
276 625 369 686 creda
382 625 470 700 mihi,
486 626 585 684 tactus
601 632 632 684 et
645 625 695 685 ille
711 625 815 685 Getes.

111 715 159 773 Da
172 711 294 771 veniam
306 711 410 781 lasso,
426 707 539 771 studiis
553 723 677 783 quoque
692 710 778 768 irena
790 707 910 781 remisit

151 795 278 857 Ducitur
291 798 322 852 et
336 791 439 868 digitis
455 793 555 853 littera
565 794 738 853 sarameis.

60 887 95 938 ts
110 880 245 955 Impetus
260 878 311 937 illc
325 891 429 951 sacer,
446 876 498 950 qui
510 880 615 936 vatum
629 881 757 951 pectora
770 875 870 950 nutrit,

153 962 209 1036 Qui
225 961 310 1037 prius
324 961 356 1020 in
370 959 462 1020 nabis
476 974 548 1019 esse
562 958 696 1035 solebat,
713 960 811 1024 abest.

110 1047 173 1105 Vix
187 1046 272 1105 venit
285 1043 325 1104 ad
340 1050 460 1120 partes,
475 1043 530 1102 vix
544 1049 686 1117 sumptae
697 1043 787 1103 Musa
803 1043 933 1104 tabellae

151 1129 274 1204 Inponit
287 1127 393 1204 pigras
409 1142 509 1202 paene
523 1132 632 1186 coacte
641 1142 762 1187 manus.

110 1213 285 1288 Parvaque,
301 1226 341 1271 ne
356 1211 456 1272 dicam
470 1208 625 1271 scribendi
638 1211 721 1270 nulla
733 1211 877 1286 voluptas

61 1308 97 1362 30
150 1296 208 1357 Est
220 1295 303 1356 mihi.
332 1310 391 1355 nec
403 1293 677 1354 numeris-nectere
690 1293 786 1353 verba
800 1295 892 1354 iuvat.

113 1379 188 1441 Sive
202 1379 288 1456 quod
302 1378 373 1438 ltinc
387 1380 504 1439 metus
519 1376 599 1436 adeo
614 1392 677 1436 non
692 1377 830 1452 cepimus
843 1377 935 1448 ullos,

152 1462 337 1539 Principium
351 1462 451 1522 nostri
464 1477 515 1520 res
532 1459 572 1520 sit
584 1467 618 1521 ut
631 1460 690 1519 ista
704 1461 791 1521 melia
849 1504 855 1520 ,

44 1555 49 1562 ·
113 1546 186 1608 Sive
202 1546 287 1621 quod
301 1545 481 1606 intenebris
495 1557 679 1605 numerosos
695 1559 813 1619 ponere
826 1557 963 1618 gressus,

154 1629 305 1706 Quodque
321 1630 408 1704 legas
422 1629 497 1689 nulli
511 1626 647 1688 scribere
663 1642 801 1699 carmen,
817 1627 900 1687 idem
913 1632 970 1689 est.

62 1722 96 1776 35
109 1713 231 1775 Excitat
247 1712 368 1773 auditor
383 1713 532 1784 studium,
548 1711 733 1785 laudataque
747 1712 843 1772 virtus

154 1797 285 1871 crescit,
301 1804 332 1857 et
344 1797 516 1857 inmensum
529 1794 628 1869 gloria
642 1796 743 1856 calcar
756 1795 857 1855 habet.

112 1881 170 1942 Hic
184 1897 253 1941 mea
267 1880 316 1941 cui
328 1880 457 1940 recitem
468 1877 530 1939 nisi
544 1877 635 1938 flavis
648 1879 763 1954 scripta
777 1877 915 1951 corallis,

157 1964 302 2040 Quasque
318 1964 394 2024 alias
408 1969 515 2039 gentes
529 1963 680 2023 barbarus
689 1961 797 2034 Hister
810 1959 924 2022 habctt

114 2047 178 2108 Sed
193 2048 268 2123 quid
282 2048 370 2109 solus
384 2063 488 2124 agam,
511 2062 635 2123 quaque
649 2047 784 2107 infelicia
796 2044 924 2126 perdam

62 2145 99 2200 to
157 2129 225 2192 Otia
235 2133 366 2192 materia
379 2131 602 2207 surripiamque
617 2131 719 2190 diem‘t

114 2213 190 2274 llam
206 2217 278 2292 quia
291 2230 350 2275 nec
364 2214 485 2287 vinum,
500 2231 559 2276 nac
573 2229 623 2274 me
636 2219 719 2274 tenet
732 2214 800 2273 alca
814 2212 917 2285 fallax,

154 2297 214 2358 Per
228 2313 307 2375 quae
321 2300 399 2360 clam
413 2298 537 2359 tacitum
549 2306 671 2373 tempus
685 2297 770 2358 abire
785 2297 873 2369 solet,

114 2381 178 2441 Nec
191 2396 271 2442 me...
287 2382 371 2458 quod
386 2397 545 2458 cuperem,
560 2383 589 2443 si
604 2397 659 2457 per
673 2382 739 2442 tera
752 2380 833 2442 bella
846 2380 980 2440 liceret...

157 2463 295 2525 Oblectat
308 2468 391 2526 cultu
404 2471 485 2526 terra
498 2473 611 2527 novata
625 2481 693 2536 suo,

64 2559 98 2611 45
115 2547 209 2622 Quid,
222 2549 283 2608 nisi
296 2549 450 2624 Pierides,
466 2549 582 2610 solacia
595 2549 719 2624 frigida,
733 2555 858 2619 restant,

153 2631 220 2691 Non
235 2631 315 2692 bene
329 2632 369 2693 de
383 2632 472 2694 nobis
489 2648 568 2707 quae
582 2647 720 2691 meruere
735 2632 834 2690 deae?

113 2715 215 2789 Atta,
231 2716 280 2777 cui
293 2716 406 2777 bibitur
418 2716 538 2776 felicius
552 2715 670 2776 Aonius
687 2715 766 2786 fons,

154 2798 274 2860 Utiliter
287 2800 422 2860 studium
437 2800 521 2875 quod
535 2799 589 2858 tibi
603 2797 698 2873 cedit,
713 2813 791 2872 ama,

116 2879 272 2957 Sacraque
286 2883 442 2944 Musarum
456 2883 562 2944 merito
578 2883 655 2943 cole.
685 2881 832 2955 quodque
845 2880 991 2954 legamus,

66 2973 102 3025 50
157 2964 224 3026 Huc
240 2967 365 3043 aliquod
380 2981 472 3027 curae
486 2968 569 3026 mitte
583 2965 716 3027 recentis
728 2980 821 3039 opus.

52 3095 94 3188 3ο
116 3094 318 3208 Conquerar,
333 3148 373 3191 an
387 3138 526 3193 taceamt
552 3147 666 3207 ponam
680 3133 747 3192 sine
762 3131 885 3193 nomine
900 3129 1025 3204 crimen,

88 3230 91 3234 ·
157 3216 207 3275 An
222 3223 342 3290 notum,
359 3215 410 3291 qui
425 3217 484 3291 sis,
500 3215 640 3276 omnibus
655 3230 727 3276 esse
740 3216 853 3276 velimt

116 3297 245 3359 Nomine
260 3314 322 3358 non
336 3305 417 3371 utar,
432 3316 472 3361 ne
487 3299 701 3362 commendere
716 3300 860 3376 querella,

157 3382 386 3458 Quaeraturque
399 3382 452 3444 tibi
468 3384 600 3445 carmine
614 3385 696 3444 lama
709 3393 788 3444 meo.

85 3477 102 3528 5
118 3466 279 3608 Dunlrssmea
294 3466 407 3542 puppis
423 3476 487 3530 erat
502 3467 604 3528 valida
617 3467 743 3529 lundata
758 3465 869 3612 curiga,

73 3564 157 3611 cvm.
222 3593 229 3606 .
