2318 3960
99 199 161 262 246
476 197 725 260 PASTORUM

180 350 245 409 Ara
258 350 335 410 deae
350 355 432 409 certe
445 349 578 422 tremuit,
599 349 735 424 pariente
749 347 895 420 ministra,

218 433 256 493 Et
269 433 362 494 subiit
376 432 495 492 cineres
510 433 610 493 territa
627 431 749 492 flamma
764 448 852 492 suos

178 517 243 577 Hoc
263 515 315 576 ubi
330 516 475 590 cognovit
488 522 679 591 contemptor
692 515 832 575 Amulius
847 516 982 592 aequi,m
1013 545 1016 549 ·

129 610 164 661 50
218 601 292 659 Nam
308 606 413 675 raptas
429 600 512 659 tratri
527 599 624 658 victor
637 598 770 658 habebat
784 613 892 673 opes...

174 684 274 742 Amne
295 683 378 743 iubet
390 683 485 757 mergi
500 683 648 758 geminos.
686 681 794 742 Scelus
809 681 893 742 unda
906 682 1027 758 refugit,

216 767 250 824 ln
266 767 349 826 sicca
365 766 451 842 pueri
466 766 669 826 destituuntur
683 765 785 825 humo.

175 851 266 909 Lacte
282 850 351 925 quis
366 850 497 915 infantes
511 849 609 909 nescit
621 848 760 909 crevisse
775 849 882 922 lerino,

215 932 252 993 Et
266 933 369 1008 picum
383 933 534 1008 expositis
549 949 645 1007 saepe
658 932 767 992 tulisse
782 931 891 992 cibos?

128 1027 162 1080 55
177 1016 243 1076 Non
257 1032 316 1092 ego
331 1023 368 1089 te,
392 1023 494 1076 tantae
509 1016 609 1076 nutrix
622 1016 763 1075 Larentia
776 1014 887 1090 gentis,

214 1099 277 1159 Nec
290 1107 409 1160 taceam
424 1107 559 1174 vestras,
582 1099 724 1159 Faustule
739 1115 873 1174 pauper,
896 1115 984 1174 opes.

174 1184 287 1243 Vester
301 1183 400 1243 honos
416 1183 532 1254 veniet,
555 1199 623 1242 cum
637 1182 808 1243 Larentalia
823 1183 940 1242 dicam:

214 1266 372 1343 acceptus
388 1266 491 1326 Geniis
506 1266 557 1326 illa
571 1265 742 1326 December
755 1265 856 1326 habet.

175 1349 284 1409 Martia
295 1357 341 1410 ter
355 1366 449 1410 senos
465 1352 568 1425 proles
585 1350 763 1410 adoleverat
775 1365 884 1424 annos,

129 1442 165 1496 60
218 1434 256 1492 Et
270 1433 394 1494 suberat
407 1433 508 1493 flavae
522 1434 581 1492 iam
596 1449 679 1494 nova
691 1433 788 1494 barba
803 1448 919 1494 comae.

176 1514 321 1578 Omnibus
336 1518 479 1592 agricolis
494 1524 762 1591 armentorumque
776 1517 931 1591 magistris

213 1601 327 1659 Iliadae
343 1600 451 1660 fratres
467 1601 534 1661 iura
547 1601 643 1676 petita
657 1600 781 1661 dabant.
975 1603 977 1606 ⁴

175 1683 275 1759 Saepe
289 1684 413 1744 domum
426 1685 551 1744 veniunt
563 1684 754 1759 praedonum
768 1683 917 1758 sanguine
931 1684 1012 1759 laeti,

213 1766 252 1826 nt
265 1767 405 1841 redigunt
418 1773 504 1826 actos
518 1768 548 1826 in
564 1784 621 1827 sua
636 1784 708 1827 rura
720 1767 839 1834 boves„

122 1857 157 1911 65
171 1850 211 1910 Ut
224 1865 321 1925 genus
336 1851 510 1924 audierunt,
533 1852 652 1911 animos
667 1857 754 1925 pater
768 1849 866 1910 editus
882 1859 982 1925 auget,

215 1933 252 1992 nt
265 1935 361 2008 pudet
373 1935 404 1993 in
427 1935 534 2009 paucis
549 1950 660 1993 nornen
673 1932 789 1993 habere
803 1933 902 1992 casis:

173 2018 385 2092 Romuleoque
400 2017 481 2077 cadit
495 2017 639 2077 traiecms
654 2016 794 2077 Amulius
809 2032 895 2089 ense,

214 2100 383 2175 Regnaque
396 2101 547 2175 longaevo
561 2101 761 2161 restituuntur
775 2115 845 2159 avo.

173 2183 295 2243 Moenia
309 2184 488 2245 conduntur.
517 2201 596 2258 quae
611 2183 749 2259 quamvis
764 2199 863 2258 parva
876 2183 1005 2258 luerunt,

129 2275 163 2330 70
214 2266 280 2328 Νοη
295 2274 394 2326 tamen
411 2267 546 2342 expediit
559 2267 769 2327 transsiluisse
784 2267 890 2327 Remo.

174 2351 236 2410 lam
249 2351 342 2409 modo
364 2367 424 2426 qua
438 2351 557 2410 fuerant
572 2351 668 2411 silvae
682 2365 890 2426 pecorumque
903 2365 1058 2426 recessus,

212 2431 293 2493 Urbs
309 2441 387 2505 erat,
410 2440 552 2494 aeternae
567 2451 634 2494 curn
650 2441 737 2509 pater
749 2433 840 2494 Urbis
855 2433 912 2493 aits

174 2515 306 2576 ‘Arbiter
319 2532 485 2589 armorum,
509 2517 548 2576 de
564 2519 650 2577 cuius
665 2516 814 2591 sanguine
828 2523 918 2578 natus

214 2599 336 2674 credor,
359 2608 389 2660 et
401 2608 434 2661 ut
449 2601 571 2675 credar,
593 2601 724 2677 pignora
736 2600 831 2661 multa
846 2600 935 2674 dabo,

124 2690 157 2745 75
173 2685 245 2742 Ate
260 2682 439 2758 principium
453 2685 591 2746 Romano
607 2684 735 2744 dicimus
751 2699 848 2744 annox

213 2765 329 2826 Primus
346 2767 385 2826 dc
400 2768 497 2842 patrio
514 2768 635 2827 nornin'e
650 2768 766 2827 mensis
780 2767 859 2826 crit’

173 2851 244 2910 Vox
256 2857 322 2910 rata
336 2851 384 2924 fit,
405 2851 567 2925 patrioque
582 2857 672 2910 vocat
686 2850 725 2910 de
739 2850 863 2910 nomine
876 2864 1024 2910 mensem.

214 2931 330 2993 Dicitur
342 2934 420 2993 haec
435 2934 532 3008 pietas
547 2941 635 3008 grata
650 2934 748 2994 luisse
763 2934 832 2994 deo.

173 3016 209 3076 m
221 3023 321 3076 tamen
336 3024 406 3077 ante
421 3033 527 3077 omnes
542 3017 668 3078 Martem
683 3018 805 3077 coluere
816 3016 947 3092 priores.

123 3106 158 3160 80
209 3099 277 3159 Hoc
291 3100 417 3162 dederat
432 3100 540 3161 studiis
554 3100 664 3160 bellica
677 3099 767 3161 turba
779 3101 854 3161 suis.

171 3181 295 3241 Pallada
310 3182 509 3266 Cecropidae,
525 3184 640 3244 Minoia
653 3184 741 3244 Creta
754 3183 891 3258 Dianam,

211 3265 382 3325 Volcanum
396 3270 485 3328 tellus
503 3267 696 3344 Hypsipylea
711 3267 796 3327 colit:

171 3347 316 3408 lunonem
331 3348 440 3425 Sparte
453 3349 716 3426 Pelopeiadesque
726 3351 891 3427 Mycenaea

211 3429 381 3505 Pinigerum
394 3431 489 3494 Fauni
505 3434 652 3494 Maenalis
668 3449 723 3493 ora
738 3440 838 3509 caput.
