<?xml version="1.0" encoding="UTF-8"?>
<!DOCTYPE html PUBLIC "-//W3C//DTD XHTML 1.0 Transitional//EN"
    "http://www.w3.org/TR/xhtml1/DTD/xhtml1-transitional.dtd">
<html xmlns="http://www.w3.org/1999/xhtml" xml:lang="en" lang="en">
 <head>
  <title>
</title>
<meta http-equiv="Content-Type" content="text/html;charset=utf-8" />
  <meta name='ocr-system' content='tesseract 3.04.00' />
  <meta name='ocr-capabilities' content='ocr_page ocr_carea ocr_par ocr_line ocrx_word'/>
</head>
<body>
  <div class='ocr_page' id='page_1' title='image "./povidiusnasoexr00merkgoog_0160.png"; bbox 0 0 2318 3960; ppageno 0'>
   <div class='ocr_carea' id='block_1_1' title="bbox 409 208 726 289">
    <p class='ocr_par' dir='ltr' id='par_1_1' title="bbox 409 208 726 289">
     <span class='ocr_line' id='line_1_1' title="bbox 409 208 726 289; baseline 0.009 -18"><span class='ocrx_word' id='word_1_1' title='bbox 409 213 452 288; x_wconf 91' lang='grc' dir='ltr'><strong>ιι,</strong></span> <span class='ocrx_word' id='word_1_2' title='bbox 474 210 510 286; x_wconf 80' lang='lat' dir='ltr'><strong>a,</strong></span> <span class='ocrx_word' id='word_1_3' title='bbox 531 208 653 289; x_wconf 79' lang='grc' dir='ltr'>ιιι-5,</span> <span class='ocrx_word' id='word_1_4' title='bbox 674 211 726 276; x_wconf 82' lang='lat'><strong>25.</strong></span> 
     </span>
    </p>
   </div>
   <div class='ocr_carea' id='block_1_2' title="bbox 95 363 991 1191">
    <p class='ocr_par' dir='ltr' id='par_1_2' title="bbox 95 363 991 1191">
     <span class='ocr_line' id='line_1_2' title="bbox 95 363 870 442; baseline -0.001 -15"><span class='ocrx_word' id='word_1_5' title='bbox 95 375 131 427; x_wconf 80' lang='lat'><strong>25</strong></span> <span class='ocrx_word' id='word_1_6' title='bbox 146 365 253 440; x_wconf 76' lang='lat' dir='ltr'><strong>Longa</strong></span> <span class='ocrx_word' id='word_1_7' title='bbox 270 364 337 423; x_wconf 88' lang='lat' dir='ltr'><strong>dies</strong></span> <span class='ocrx_word' id='word_1_8' title='bbox 353 364 442 424; x_wconf 86' lang='lat' dir='ltr'><strong>eitius</strong></span> <span class='ocrx_word' id='word_1_9' title='bbox 461 363 590 424; x_wconf 87' lang='lat' dir='ltr'><strong>brumali</strong></span> <span class='ocrx_word' id='word_1_10' title='bbox 610 365 727 438; x_wconf 80' lang='lat' dir='ltr'><strong>sidere,</strong></span> <span class='ocrx_word' id='word_1_11' title='bbox 745 381 870 442; x_wconf 79' lang='lat' dir='ltr'>noxque</span> 
     </span>
     <span class='ocr_line' id='line_1_3' title="bbox 189 446 728 523; baseline 0 -15"><span class='ocrx_word' id='word_1_12' title='bbox 189 446 318 508; x_wconf 74' lang='lat' dir='ltr'><strong>tardior</strong></span> <span class='ocrx_word' id='word_1_13' title='bbox 331 447 460 508; x_wconf 89' lang='lat' dir='ltr'><strong>hiberna</strong></span> <span class='ocrx_word' id='word_1_14' title='bbox 467 447 644 509; x_wconf 84' lang='lat' dir='ltr'><strong>solstitialis</strong></span> <span class='ocrx_word' id='word_1_15' title='bbox 664 449 728 523; x_wconf 88' lang='lat' dir='ltr'><strong>erit,</strong></span> 
     </span>
     <span class='ocr_line' id='line_1_4' title="bbox 146 529 991 610; baseline 0.002 -18"><span class='ocrx_word' id='word_1_16' title='bbox 146 532 209 592; x_wconf 83' lang='lat' dir='ltr'><strong>Nee</strong></span> <span class='ocrx_word' id='word_1_17' title='bbox 222 529 365 610; x_wconf 80' lang='lat' dir='ltr'>Babylon</span> <span class='ocrx_word' id='word_1_18' title='bbox 379 536 514 602; x_wconf 90' lang='lat' dir='ltr'><strong>aestum,</strong></span> <span class='ocrx_word' id='word_1_19' title='bbox 530 546 588 592; x_wconf 87' lang='lat' dir='ltr'><strong>neo</strong></span> <span class='ocrx_word' id='word_1_20' title='bbox 602 532 717 607; x_wconf 81' lang='lat' dir='ltr'><strong>frigora</strong></span> <span class='ocrx_word' id='word_1_21' title='bbox 730 530 845 593; x_wconf 82' lang='lat' dir='ltr'><strong>Pontus</strong></span> <span class='ocrx_word' id='word_1_22' title='bbox 860 530 991 607; x_wconf 75' lang='lat' dir='ltr'>habebit,</span> 
     </span>
     <span class='ocr_line' id='line_1_5' title="bbox 190 613 880 690; baseline 0.004 -16"><span class='ocrx_word' id='word_1_23' title='bbox 190 613 356 690; x_wconf 72' lang='lat' dir='ltr'><strong>calthaque</strong></span> <span class='ocrx_word' id='word_1_24' title='bbox 368 613 535 675; x_wconf 79' lang='lat' dir='ltr'><strong>Paestanas</strong></span> <span class='ocrx_word' id='word_1_25' title='bbox 552 615 654 676; x_wconf 86' lang='lat' dir='ltr'><strong>vinoet</strong></span> <span class='ocrx_word' id='word_1_26' title='bbox 669 616 766 677; x_wconf 90' lang='lat' dir='ltr'><strong>odore</strong></span> <span class='ocrx_word' id='word_1_27' title='bbox 779 631 880 688; x_wconf 88' lang='lat' dir='ltr'><strong>rosas,</strong></span> 
     </span>
     <span class='ocr_line' id='line_1_6' title="bbox 147 698 895 774; baseline -0.001 -15"><span class='ocrx_word' id='word_1_28' title='bbox 147 699 243 774; x_wconf 80' lang='lat' dir='ltr'><strong>Quam</strong></span> <span class='ocrx_word' id='word_1_29' title='bbox 259 698 313 758; x_wconf 92' lang='lat' dir='ltr'><strong>tibi</strong></span> <span class='ocrx_word' id='word_1_30' title='bbox 328 705 503 759; x_wconf 87' lang='lat' dir='ltr'><strong>nostrarum</strong></span> <span class='ocrx_word' id='word_1_31' title='bbox 516 699 640 760; x_wconf 87' lang='lat' dir='ltr'><strong>veniant</strong></span> <span class='ocrx_word' id='word_1_32' title='bbox 654 698 769 759; x_wconf 84' lang='lat' dir='ltr'><strong>oblivia</strong></span> <span class='ocrx_word' id='word_1_33' title='bbox 784 715 895 760; x_wconf 87' lang='lat' dir='ltr'><strong>rerum.</strong></span> 
     </span>
     <span class='ocr_line' id='line_1_7' title="bbox 99 781 867 857; baseline -0.003 -14"><span class='ocrx_word' id='word_1_34' title='bbox 99 791 135 843; x_wconf 78' lang='lat' dir='ltr'><strong>et)</strong></span> <span class='ocrx_word' id='word_1_35' title='bbox 187 783 254 843; x_wconf 85' lang='lat' dir='ltr'><strong>Non</strong></span> <span class='ocrx_word' id='word_1_36' title='bbox 271 782 313 842; x_wconf 91' lang='lat' dir='ltr'><strong>ito</strong></span> <span class='ocrx_word' id='word_1_37' title='bbox 327 796 400 857; x_wconf 84' lang='lat' dir='ltr'><strong>pars</strong></span> <span class='ocrx_word' id='word_1_38' title='bbox 421 781 474 842; x_wconf 84' lang='lat' dir='ltr'><strong>tati</strong></span> <span class='ocrx_word' id='word_1_39' title='bbox 488 782 622 844; x_wconf 85' lang='lat' dir='ltr'><strong>eandida</strong></span> <span class='ocrx_word' id='word_1_40' title='bbox 635 783 719 842; x_wconf 88' lang='lat' dir='ltr'><strong>nulla</strong></span> <span class='ocrx_word' id='word_1_41' title='bbox 731 782 790 842; x_wconf 92' lang='lat' dir='ltr'><strong>mei</strong></span> <span class='ocrx_word' id='word_1_42' title='bbox 810 790 867 845; x_wconf 88' lang='lat' dir='ltr'><strong>est.</strong></span> 
     </span>
     <span class='ocr_line' id='line_1_8' title="bbox 146 864 864 940; baseline 0 -14"><span class='ocrx_word' id='word_1_43' title='bbox 146 867 190 926; x_wconf 88' lang='lat' dir='ltr'><strong>lte</strong></span> <span class='ocrx_word' id='word_1_44' title='bbox 204 873 305 927; x_wconf 88' lang='lat' dir='ltr'><strong>tamen</strong></span> <span class='ocrx_word' id='word_1_45' title='bbox 321 865 399 926; x_wconf 87' lang='lat' dir='ltr'><strong>haee</strong></span> <span class='ocrx_word' id='word_1_46' title='bbox 413 864 474 925; x_wconf 84' lang='lat' dir='ltr'><strong>diei</strong></span> <span class='ocrx_word' id='word_1_47' title='bbox 488 866 590 940; x_wconf 81' lang='lat' dir='ltr'><strong>possit</strong></span> <span class='ocrx_word' id='word_1_48' title='bbox 602 865 717 927; x_wconf 87' lang='lat' dir='ltr'><strong>fiduoia</strong></span> <span class='ocrx_word' id='word_1_49' title='bbox 730 867 864 926; x_wconf 89' lang='lat' dir='ltr'><strong>mendax</strong></span> 
     </span>
     <span class='ocr_line' id='line_1_9' title="bbox 188 948 879 1025; baseline 0 -15"><span class='ocrx_word' id='word_1_50' title='bbox 188 949 347 1025; x_wconf 85' lang='lat' dir='ltr'><strong>stultaque</strong></span> <span class='ocrx_word' id='word_1_51' title='bbox 362 948 526 1010; x_wconf 73' lang='lat' dir='ltr'><strong>credulitas</strong></span> <span class='ocrx_word' id='word_1_52' title='bbox 541 957 650 1010; x_wconf 90' lang='lat' dir='ltr'><strong>nostra</strong></span> <span class='ocrx_word' id='word_1_53' title='bbox 668 949 780 1024; x_wconf 84' lang='lat' dir='ltr'><strong>luisse,</strong></span> <span class='ocrx_word' id='word_1_54' title='bbox 795 965 879 1024; x_wconf 83' lang='lat' dir='ltr'><strong>eave,</strong></span> 
     </span>
     <span class='ocr_line' id='line_1_10' title="bbox 146 1033 870 1108; baseline 0 -14"><span class='ocrx_word' id='word_1_55' title='bbox 146 1033 366 1108; x_wconf 77' lang='lat' dir='ltr'><strong>constantique</strong></span> <span class='ocrx_word' id='word_1_56' title='bbox 380 1033 442 1092; x_wconf 86' lang='lat' dir='ltr'><strong>ilde</strong></span> <span class='ocrx_word' id='word_1_57' title='bbox 455 1039 590 1093; x_wconf 85' lang='lat' dir='ltr'><strong>veteram</strong></span> <span class='ocrx_word' id='word_1_58' title='bbox 604 1040 703 1094; x_wconf 87' lang='lat' dir='ltr'><strong>tutare</strong></span> <span class='ocrx_word' id='word_1_59' title='bbox 721 1033 870 1107; x_wconf 86' lang='lat' dir='ltr'><strong>sodalem,</strong></span> 
     </span>
     <span class='ocr_line' id='line_1_11' title="bbox 189 1115 873 1191; baseline -0.001 -13"><span class='ocrx_word' id='word_1_60' title='bbox 189 1117 256 1191; x_wconf 84' lang='lat' dir='ltr'><strong>Qua</strong></span> <span class='ocrx_word' id='word_1_61' title='bbox 272 1115 343 1177; x_wconf 80' lang='lat' dir='ltr'><strong>lieet</strong></span> <span class='ocrx_word' id='word_1_62' title='bbox 356 1122 388 1176; x_wconf 88' lang='lat' dir='ltr'><strong>et</strong></span> <span class='ocrx_word' id='word_1_63' title='bbox 403 1123 549 1191; x_wconf 87' lang='lat' dir='ltr'><strong>quantum</strong></span> <span class='ocrx_word' id='word_1_64' title='bbox 567 1132 629 1177; x_wconf 89' lang='lat' dir='ltr'><strong>oon</strong></span> <span class='ocrx_word' id='word_1_65' title='bbox 644 1131 795 1177; x_wconf 88' lang='lat' dir='ltr'><strong>onerosus</strong></span> <span class='ocrx_word' id='word_1_66' title='bbox 810 1133 873 1178; x_wconf 89' lang='lat' dir='ltr'><strong>ero.</strong></span> 
     </span>
    </p>
   </div>
   <div class='ocr_carea' id='block_1_3' title="bbox 88 1300 926 1554">
    <p class='ocr_par' dir='ltr' id='par_1_3' title="bbox 88 1300 926 1533">
     <span class='ocr_line' id='line_1_12' title="bbox 88 1300 383 1395; baseline -0.003 -2"><span class='ocrx_word' id='word_1_67' title='bbox 88 1301 131 1393; x_wconf 78' lang='lat' dir='ltr'><strong>t.</strong></span> <span class='ocrx_word' id='word_1_68' title='bbox 176 1300 383 1395; x_wconf 51' lang='lat' dir='ltr'><strong>‘sarano</strong></span> 
     </span>
     <span class='ocr_line' id='line_1_13' title="bbox 145 1417 926 1554; baseline 0.012 -44"><span class='ocrx_word' id='word_1_69' title='bbox 145 1417 284 1517; x_wconf 71' lang='lat' dir='ltr'><strong>Condita</strong></span> <span class='ocrx_word' id='word_1_70' title='bbox 297 1455 475 1554; x_wconf 85' lang='lat' dir='ltr'><strong>disparibus</strong></span> <span class='ocrx_word' id='word_1_71' title='bbox 490 1458 625 1518; x_wconf 85' lang='lat' dir='ltr'><strong>numeris</strong></span> <span class='ocrx_word' id='word_1_72' title='bbox 640 1473 698 1533; x_wconf 76' lang='lat' dir='ltr'><strong>ego</strong></span> <span class='ocrx_word' id='word_1_73' title='bbox 716 1458 798 1521; x_wconf 85' lang='lat' dir='ltr'><strong>Naso</strong></span> <span class='ocrx_word' id='word_1_74' title='bbox 814 1458 926 1521; x_wconf 89' lang='lat' dir='ltr'><strong>Salano</strong></span> 
     </span>
    </p>
   </div>
   <div class='ocr_carea' id='block_1_4' title="bbox 86 1539 1068 3542">
    <p class='ocr_par' dir='ltr' id='par_1_4' title="bbox 86 1539 1068 3542">
     <span class='ocr_line' id='line_1_14' title="bbox 185 1539 772 1615; baseline 0.009 -17"><span class='ocrx_word' id='word_1_75' title='bbox 185 1539 367 1615; x_wconf 86' lang='lat' dir='ltr'><strong>Praeposito</strong></span> <span class='ocrx_word' id='word_1_76' title='bbox 379 1539 449 1600; x_wconf 89' lang='lat' dir='ltr'><strong>misi</strong></span> <span class='ocrx_word' id='word_1_77' title='bbox 465 1541 562 1601; x_wconf 87' lang='lat' dir='ltr'><strong>verba</strong></span> <span class='ocrx_word' id='word_1_78' title='bbox 576 1542 674 1602; x_wconf 89' lang='lat' dir='ltr'><strong>salute</strong></span> <span class='ocrx_word' id='word_1_79' title='bbox 692 1557 772 1604; x_wconf 89' lang='lat' dir='ltr'><strong>meo.</strong></span> 
     </span>
     <span class='ocr_line' id='line_1_15' title="bbox 144 1611 986 1701; baseline 0.006 -19"><span class='ocrx_word' id='word_1_80' title='bbox 144 1623 495 1698; x_wconf 71' lang='lat' dir='ltr'><strong>praeassumpto</strong></span> <span class='ocrx_word' id='word_1_81' title='bbox 510 1624 666 1700; x_wconf 88' lang='lat' dir='ltr'><strong>rebusque</strong></span> <span class='ocrx_word' id='word_1_82' title='bbox 680 1632 712 1687; x_wconf 91' lang='lat' dir='ltr'><strong>ut</strong></span> <span class='ocrx_word' id='word_1_83' title='bbox 727 1611 875 1701; x_wconf 77' lang='lat' dir='ltr'><strong>congruat</strong></span> <span class='ocrx_word' id='word_1_84' title='bbox 887 1642 986 1700; x_wconf 83' lang='lat' dir='ltr'><strong>omen,</strong></span> 
     </span>
     <span class='ocr_line' id='line_1_16' title="bbox 187 1706 850 1784; baseline 0.005 -19"><span class='ocrx_word' id='word_1_85' title='bbox 187 1706 230 1766; x_wconf 86' lang='lat' dir='ltr'><strong>&#39;le</strong></span> <span class='ocrx_word' id='word_1_86' title='bbox 245 1721 357 1781; x_wconf 88' lang='lat' dir='ltr'><strong>preoor</strong></span> <span class='ocrx_word' id='word_1_87' title='bbox 375 1723 395 1767; x_wconf 93' lang='grc' dir='ltr'><strong>ιι</strong></span> <span class='ocrx_word' id='word_1_88' title='bbox 410 1708 498 1768; x_wconf 90' lang='lat' dir='ltr'><strong>salvo</strong></span> <span class='ocrx_word' id='word_1_89' title='bbox 515 1709 629 1784; x_wconf 90' lang='lat' dir='ltr'><strong>possit,</strong></span> <span class='ocrx_word' id='word_1_90' title='bbox 646 1709 758 1782; x_wconf 84' lang='lat' dir='ltr'><strong>amice,</strong></span> <span class='ocrx_word' id='word_1_91' title='bbox 780 1709 850 1784; x_wconf 82' lang='lat' dir='ltr'><strong>legi</strong></span> 
     </span>
     <span class='ocr_line' id='line_1_17' title="bbox 112 1789 906 1868; baseline 0.004 -17"><span class='ocrx_word' id='word_1_92' title='bbox 112 1800 130 1851; x_wconf 83' lang='lat'>5</span> <span class='ocrx_word' id='word_1_93' title='bbox 147 1790 284 1864; x_wconf 81' lang='lat' dir='ltr'><strong>Candor,</strong></span> <span class='ocrx_word' id='word_1_94' title='bbox 304 1789 335 1850; x_wconf 92' lang='lat' dir='ltr'><strong>ln</strong></span> <span class='ocrx_word' id='word_1_95' title='bbox 351 1790 412 1851; x_wconf 89' lang='lat' dir='ltr'><strong>hoo</strong></span> <span class='ocrx_word' id='word_1_96' title='bbox 426 1805 504 1851; x_wconf 86' lang='lat' dir='ltr'><strong>aevo</strong></span> <span class='ocrx_word' id='word_1_97' title='bbox 518 1807 569 1853; x_wconf 88' lang='lat' dir='ltr'><strong>res</strong></span> <span class='ocrx_word' id='word_1_98' title='bbox 585 1793 781 1855; x_wconf 84' lang='lat' dir='ltr'><strong>intermortua</strong></span> <span class='ocrx_word' id='word_1_99' title='bbox 800 1809 906 1868; x_wconf 86' lang='lat' dir='ltr'><strong>paene,</strong></span> 
     </span>
     <span class='ocr_line' id='line_1_18' title="bbox 183 1872 756 1949; baseline 0.011 -17"><span class='ocrx_word' id='word_1_100' title='bbox 183 1872 300 1949; x_wconf 81' lang='lat' dir='ltr'><strong>Exigit,</strong></span> <span class='ocrx_word' id='word_1_101' title='bbox 315 1881 350 1936; x_wconf 91' lang='lat' dir='ltr'><strong>ut</strong></span> <span class='ocrx_word' id='word_1_102' title='bbox 363 1873 473 1935; x_wconf 78' lang='lat' dir='ltr'><strong>latiam</strong></span> <span class='ocrx_word' id='word_1_103' title='bbox 486 1875 559 1937; x_wconf 90' lang='lat' dir='ltr'><strong>talia</strong></span> <span class='ocrx_word' id='word_1_104' title='bbox 573 1883 659 1948; x_wconf 89' lang='lat' dir='ltr'><strong>vota,</strong></span> <span class='ocrx_word' id='word_1_105' title='bbox 674 1883 756 1938; x_wconf 91' lang='lat' dir='ltr'><strong>tuus</strong></span> 
     </span>
     <span class='ocr_line' id='line_1_19' title="bbox 142 1957 973 2033; baseline 0.001 -15"><span class='ocrx_word' id='word_1_106' title='bbox 142 1958 218 2018; x_wconf 85' lang='lat' dir='ltr'><strong>Nam</strong></span> <span class='ocrx_word' id='word_1_107' title='bbox 233 1957 340 2019; x_wconf 85' lang='lat' dir='ltr'><strong>luerim</strong></span> <span class='ocrx_word' id='word_1_108' title='bbox 354 1958 495 2033; x_wconf 89' lang='lat' dir='ltr'><strong>quamvis</strong></span> <span class='ocrx_word' id='word_1_109' title='bbox 510 1959 632 2023; x_wconf 91' lang='lat' dir='ltr'><strong>modioo</strong></span> <span class='ocrx_word' id='word_1_110' title='bbox 647 1958 700 2020; x_wconf 91' lang='lat' dir='ltr'><strong>tibi</strong></span> <span class='ocrx_word' id='word_1_111' title='bbox 714 1960 835 2021; x_wconf 82' lang='lat' dir='ltr'><strong>iunctus</strong></span> <span class='ocrx_word' id='word_1_112' title='bbox 851 1958 891 2020; x_wconf 89' lang='lat' dir='ltr'><strong>ab</strong></span> <span class='ocrx_word' id='word_1_113' title='bbox 906 1976 973 2032; x_wconf 92' lang='lat' dir='ltr'><strong>usu,</strong></span> 
     </span>
     <span class='ocr_line' id='line_1_20' title="bbox 183 2041 1031 2103; baseline 0.004 -2"><span class='ocrx_word' id='word_1_114' title='bbox 183 2041 303 2102; x_wconf 80' lang='lat' dir='ltr'><strong>Diceris</strong></span> <span class='ocrx_word' id='word_1_115' title='bbox 323 2042 422 2102; x_wconf 84' lang='lat' dir='ltr'><strong>exiliis</strong></span> <span class='ocrx_word' id='word_1_116' title='bbox 442 2042 611 2103; x_wconf 84' lang='lat' dir='ltr'><strong>indoluisse</strong></span> <span class='ocrx_word' id='word_1_117' title='bbox 625 2042 717 2103; x_wconf 91' lang='lat' dir='ltr'><strong>meis·</strong></span> <span class='ocrx_word' id='word_1_118' title='bbox 1027 2054 1031 2059; x_wconf 84' lang='grc'><em>·</em></span> 
     </span>
     <span class='ocr_line' id='line_1_21' title="bbox 141 2124 973 2201; baseline 0.002 -15"><span class='ocrx_word' id='word_1_119' title='bbox 141 2125 300 2200; x_wconf 84' lang='lat' dir='ltr'><strong>Missaque</strong></span> <span class='ocrx_word' id='word_1_120' title='bbox 313 2124 353 2185; x_wconf 89' lang='lat' dir='ltr'><strong>ab</strong></span> <span class='ocrx_word' id='word_1_121' title='bbox 366 2124 487 2187; x_wconf 85' lang='lat' dir='ltr'><strong>Euxino</strong></span> <span class='ocrx_word' id='word_1_122' title='bbox 503 2127 623 2201; x_wconf 81' lang='lat' dir='ltr'><strong>tegeres</strong></span> <span class='ocrx_word' id='word_1_123' title='bbox 638 2143 706 2188; x_wconf 85' lang='lat' dir='ltr'><strong>oum</strong></span> <span class='ocrx_word' id='word_1_124' title='bbox 722 2127 855 2187; x_wconf 86' lang='lat' dir='ltr'><strong>earmina</strong></span> <span class='ocrx_word' id='word_1_125' title='bbox 867 2125 973 2201; x_wconf 88' lang='lat' dir='ltr'><strong>Ponto,</strong></span> 
     </span>
     <span class='ocr_line' id='line_1_22' title="bbox 91 2207 781 2286; baseline 0.003 -21"><span class='ocrx_word' id='word_1_126' title='bbox 91 2213 127 2265; x_wconf 87' lang='lat' dir='ltr'><strong>to</strong></span> <span class='ocrx_word' id='word_1_127' title='bbox 184 2209 240 2269; x_wconf 88' lang='lat' dir='ltr'><strong>llla</strong></span> <span class='ocrx_word' id='word_1_128' title='bbox 254 2207 325 2271; x_wconf 87' lang='lat' dir='ltr'><strong>tuus</strong></span> <span class='ocrx_word' id='word_1_129' title='bbox 339 2208 416 2270; x_wconf 87' lang='lat' dir='ltr'><strong>iuvit</strong></span> <span class='ocrx_word' id='word_1_130' title='bbox 429 2210 665 2286; x_wconf 85' lang='lat' dir='ltr'><strong>qualiacumque</strong></span> <span class='ocrx_word' id='word_1_131' title='bbox 680 2211 781 2270; x_wconf 67' lang='lat' dir='ltr'><strong>favars</strong></span> 
     </span>
     <span class='ocr_line' id='line_1_23' title="bbox 143 2291 895 2370; baseline 0.001 -17"><span class='ocrx_word' id='word_1_132' title='bbox 143 2291 324 2369; x_wconf 89' lang='lat' dir='ltr'><strong>Optastique</strong></span> <span class='ocrx_word' id='word_1_133' title='bbox 338 2291 462 2353; x_wconf 89' lang='lat' dir='ltr'><strong>brevem</strong></span> <span class='ocrx_word' id='word_1_134' title='bbox 477 2294 555 2354; x_wconf 87' lang='lat' dir='ltr'><strong>salvi</strong></span> <span class='ocrx_word' id='word_1_135' title='bbox 570 2295 642 2355; x_wconf 88' lang='lat' dir='ltr'><strong>mihi</strong></span> <span class='ocrx_word' id='word_1_136' title='bbox 656 2294 796 2355; x_wconf 82' lang='lat' dir='ltr'><strong>Caesaris</strong></span> <span class='ocrx_word' id='word_1_137' title='bbox 811 2293 895 2370; x_wconf 90' lang='lat' dir='ltr'><strong>iram,</strong></span> 
     </span>
     <span class='ocr_line' id='line_1_24' title="bbox 188 2376 865 2454; baseline -0.003 -17"><span class='ocrx_word' id='word_1_138' title='bbox 188 2376 277 2451; x_wconf 78' lang='lat' dir='ltr'><strong>Quod</strong></span> <span class='ocrx_word' id='word_1_139' title='bbox 292 2383 391 2437; x_wconf 90' lang='lat' dir='ltr'><strong>tamen</strong></span> <span class='ocrx_word' id='word_1_140' title='bbox 406 2377 521 2452; x_wconf 89' lang='lat' dir='ltr'><strong>optari,</strong></span> <span class='ocrx_word' id='word_1_141' title='bbox 542 2378 568 2438; x_wconf 91' lang='lat' dir='ltr'><strong>si</strong></span> <span class='ocrx_word' id='word_1_142' title='bbox 584 2379 675 2453; x_wconf 90' lang='lat' dir='ltr'><strong>soiat,</strong></span> <span class='ocrx_word' id='word_1_143' title='bbox 691 2378 760 2454; x_wconf 90' lang='lat' dir='ltr'><strong>ipse</strong></span> <span class='ocrx_word' id='word_1_144' title='bbox 776 2378 865 2438; x_wconf 90' lang='lat' dir='ltr'><strong>sinat.</strong></span> 
     </span>
     <span class='ocr_line' id='line_1_25' title="bbox 142 2459 825 2534; baseline 0.001 -14"><span class='ocrx_word' id='word_1_145' title='bbox 142 2459 282 2522; x_wconf 89' lang='lat' dir='ltr'><strong>Moribus</strong></span> <span class='ocrx_word' id='word_1_146' title='bbox 296 2461 356 2520; x_wconf 90' lang='lat' dir='ltr'><strong>ista</strong></span> <span class='ocrx_word' id='word_1_147' title='bbox 369 2460 429 2521; x_wconf 92' lang='lat' dir='ltr'><strong>tuis</strong></span> <span class='ocrx_word' id='word_1_148' title='bbox 443 2468 505 2520; x_wconf 91' lang='lat' dir='ltr'><strong>tam</strong></span> <span class='ocrx_word' id='word_1_149' title='bbox 520 2462 603 2523; x_wconf 89' lang='lat' dir='ltr'><strong>mitia</strong></span> <span class='ocrx_word' id='word_1_150' title='bbox 617 2470 691 2523; x_wconf 91' lang='lat' dir='ltr'><strong>vota</strong></span> <span class='ocrx_word' id='word_1_151' title='bbox 705 2461 825 2534; x_wconf 87' lang='lat' dir='ltr'><strong>dedisti,</strong></span> 
     </span>
     <span class='ocr_line' id='line_1_26' title="bbox 183 2544 823 2621; baseline -0.002 -17"><span class='ocrx_word' id='word_1_152' title='bbox 183 2544 246 2604; x_wconf 88' lang='lat' dir='ltr'><strong>Neo</strong></span> <span class='ocrx_word' id='word_1_153' title='bbox 260 2545 360 2605; x_wconf 89' lang='lat' dir='ltr'><strong>minus</strong></span> <span class='ocrx_word' id='word_1_154' title='bbox 374 2544 490 2605; x_wconf 84' lang='lat' dir='ltr'><strong>ideireo</strong></span> <span class='ocrx_word' id='word_1_155' title='bbox 506 2552 577 2605; x_wconf 93' lang='lat' dir='ltr'><strong>sunt</strong></span> <span class='ocrx_word' id='word_1_156' title='bbox 590 2561 628 2606; x_wconf 87' lang='lat' dir='ltr'><strong>ea</strong></span> <span class='ocrx_word' id='word_1_157' title='bbox 643 2553 728 2621; x_wconf 80' lang='lat' dir='ltr'><strong>grata</strong></span> <span class='ocrx_word' id='word_1_158' title='bbox 741 2545 823 2605; x_wconf 90' lang='lat' dir='ltr'><strong>mihi.</strong></span> 
     </span>
     <span class='ocr_line' id='line_1_27' title="bbox 91 2627 1007 2704; baseline 0.001 -14"><span class='ocrx_word' id='word_1_159' title='bbox 91 2638 125 2690; x_wconf 85' lang='lat'><strong>15</strong></span> <span class='ocrx_word' id='word_1_160' title='bbox 142 2627 271 2704; x_wconf 79' lang='lat' dir='ltr'><strong>Quoque</strong></span> <span class='ocrx_word' id='word_1_161' title='bbox 284 2628 382 2704; x_wconf 81' lang='lat' dir='ltr'><strong>magis</strong></span> <span class='ocrx_word' id='word_1_162' title='bbox 397 2644 540 2690; x_wconf 82' lang='lat' dir='ltr'><strong>moveare</strong></span> <span class='ocrx_word' id='word_1_163' title='bbox 554 2630 658 2704; x_wconf 90' lang='lat' dir='ltr'><strong>malis,</strong></span> <span class='ocrx_word' id='word_1_164' title='bbox 674 2628 866 2700; x_wconf 84' lang='lat' dir='ltr'><strong>deotissime,</strong></span> <span class='ocrx_word' id='word_1_165' title='bbox 883 2627 1007 2697; x_wconf 81' lang='lat' dir='ltr'><strong>nustria</strong></span> 
     </span>
     <span class='ocr_line' id='line_1_28' title="bbox 186 2712 762 2774; baseline -0.002 -2"><span class='ocrx_word' id='word_1_166' title='bbox 186 2712 337 2773; x_wconf 87' lang='lat' dir='ltr'><strong>credibile</strong></span> <span class='ocrx_word' id='word_1_167' title='bbox 354 2719 402 2773; x_wconf 89' lang='lat' dir='ltr'><strong>est</strong></span> <span class='ocrx_word' id='word_1_168' title='bbox 416 2712 487 2774; x_wconf 87' lang='lat' dir='ltr'><strong>iteri</strong></span> <span class='ocrx_word' id='word_1_169' title='bbox 497 2712 678 2773; x_wconf 84' lang='lat' dir='ltr'><strong>condicione</strong></span> <span class='ocrx_word' id='word_1_170' title='bbox 692 2712 762 2773; x_wconf 85' lang='lat' dir='ltr'><strong>loci.</strong></span> 
     </span>
     <span class='ocr_line' id='line_1_29' title="bbox 141 2794 971 2871; baseline 0.004 -17"><span class='ocrx_word' id='word_1_171' title='bbox 141 2795 203 2854; x_wconf 83' lang='lat' dir='ltr'><strong>Vix</strong></span> <span class='ocrx_word' id='word_1_172' title='bbox 220 2795 279 2856; x_wconf 83' lang='lat' dir='ltr'><strong>hae</strong></span> <span class='ocrx_word' id='word_1_173' title='bbox 293 2796 431 2856; x_wconf 88' lang='lat' dir='ltr'><strong>invenies</strong></span> <span class='ocrx_word' id='word_1_174' title='bbox 446 2802 557 2869; x_wconf 88' lang='lat' dir='ltr'><strong>totum,</strong></span> <span class='ocrx_word' id='word_1_175' title='bbox 573 2795 646 2856; x_wconf 91' lang='lat' dir='ltr'><strong>mihi</strong></span> <span class='ocrx_word' id='word_1_176' title='bbox 662 2796 769 2870; x_wconf 83' lang='lat' dir='ltr'><strong>erede,</strong></span> <span class='ocrx_word' id='word_1_177' title='bbox 786 2810 842 2870; x_wconf 89' lang='lat' dir='ltr'><strong>per</strong></span> <span class='ocrx_word' id='word_1_178' title='bbox 856 2794 971 2871; x_wconf 89' lang='lat' dir='ltr'><strong>orbem,</strong></span> 
     </span>
     <span class='ocr_line' id='line_1_30' title="bbox 183 2878 902 2956; baseline 0 -18"><span class='ocrx_word' id='word_1_179' title='bbox 183 2880 267 2954; x_wconf 78' lang='lat' dir='ltr'><strong>Quae</strong></span> <span class='ocrx_word' id='word_1_180' title='bbox 281 2879 380 2941; x_wconf 89' lang='lat' dir='ltr'><strong>minus</strong></span> <span class='ocrx_word' id='word_1_181' title='bbox 395 2882 533 2956; x_wconf 77' lang='lat' dir='ltr'><strong>Angusta</strong></span> <span class='ocrx_word' id='word_1_182' title='bbox 554 2895 631 2955; x_wconf 89' lang='lat' dir='ltr'><strong>paoe</strong></span> <span class='ocrx_word' id='word_1_183' title='bbox 646 2880 761 2940; x_wconf 81' lang='lat' dir='ltr'><strong>truatur</strong></span> <span class='ocrx_word' id='word_1_184' title='bbox 773 2878 902 2940; x_wconf 83' lang='lat' dir='ltr'><strong>humus·</strong></span> 
     </span>
     <span class='ocr_line' id='line_1_31' title="bbox 140 2962 942 3039; baseline -0.001 -15"><span class='ocrx_word' id='word_1_185' title='bbox 140 2963 185 3024; x_wconf 86' lang='lat' dir='ltr'><strong>Tu</strong></span> <span class='ocrx_word' id='word_1_186' title='bbox 199 2969 300 3024; x_wconf 88' lang='lat' dir='ltr'><strong>tamen</strong></span> <span class='ocrx_word' id='word_1_187' title='bbox 315 2963 365 3024; x_wconf 88' lang='lat' dir='ltr'><strong>hio</strong></span> <span class='ocrx_word' id='word_1_188' title='bbox 380 2970 513 3024; x_wconf 78' lang='lat' dir='ltr'><strong>structos</strong></span> <span class='ocrx_word' id='word_1_189' title='bbox 529 2964 684 3024; x_wconf 78' lang='lat' dir='ltr'><strong>intersero</strong></span> <span class='ocrx_word' id='word_1_190' title='bbox 701 2962 819 3039; x_wconf 89' lang='lat' dir='ltr'><strong>proelia</strong></span> <span class='ocrx_word' id='word_1_191' title='bbox 834 2977 942 3023; x_wconf 90' lang='lat' dir='ltr'><strong>versus</strong></span> 
     </span>
     <span class='ocr_line' id='line_1_32' title="bbox 89 3046 805 3123; baseline 0.006 -21"><span class='ocrx_word' id='word_1_192' title='bbox 89 3051 125 3103; x_wconf 79' lang='lat' dir='ltr'><strong>lo</strong></span> <span class='ocrx_word' id='word_1_193' title='bbox 178 3046 216 3106; x_wconf 83' lang='lat' dir='ltr'><strong>lit</strong></span> <span class='ocrx_word' id='word_1_194' title='bbox 229 3047 307 3123; x_wconf 78' lang='lat' dir='ltr'><strong>legis</strong></span> <span class='ocrx_word' id='word_1_195' title='bbox 321 3055 351 3108; x_wconf 91' lang='lat' dir='ltr'><strong>et</strong></span> <span class='ocrx_word' id='word_1_196' title='bbox 365 3048 462 3108; x_wconf 85' lang='lat' dir='ltr'><strong>lectos</strong></span> <span class='ocrx_word' id='word_1_197' title='bbox 477 3062 531 3108; x_wconf 89' lang='lat' dir='ltr'><strong>ore</strong></span> <span class='ocrx_word' id='word_1_198' title='bbox 546 3047 667 3107; x_wconf 77' lang='lat' dir='ltr'><strong>favente</strong></span> <span class='ocrx_word' id='word_1_199' title='bbox 680 3047 805 3123; x_wconf 89' lang='lat' dir='ltr'><strong>probas,</strong></span> 
     </span>
     <span class='ocr_line' id='line_1_33' title="bbox 140 3131 900 3207; baseline 0 -18"><span class='ocrx_word' id='word_1_200' title='bbox 140 3131 328 3207; x_wconf 78' lang='lat' dir='ltr'><strong>ingenioque</strong></span> <span class='ocrx_word' id='word_1_201' title='bbox 342 3146 427 3204; x_wconf 91' lang='lat' dir='ltr'><strong>meo,</strong></span> <span class='ocrx_word' id='word_1_202' title='bbox 447 3147 528 3191; x_wconf 89' lang='lat' dir='ltr'><strong>vena</strong></span> <span class='ocrx_word' id='word_1_203' title='bbox 541 3132 626 3206; x_wconf 89' lang='lat' dir='ltr'><strong>quod</strong></span> <span class='ocrx_word' id='word_1_204' title='bbox 639 3145 776 3207; x_wconf 87' lang='lat' dir='ltr'><strong>paupere</strong></span> <span class='ocrx_word' id='word_1_205' title='bbox 789 3136 900 3202; x_wconf 86' lang='lat' dir='ltr'><strong>manat,</strong></span> 
     </span>
     <span class='ocr_line' id='line_1_34' title="bbox 176 3212 846 3291; baseline 0 -19"><span class='ocrx_word' id='word_1_206' title='bbox 176 3212 316 3291; x_wconf 83' lang='lat' dir='ltr'><strong>Plaudis,</strong></span> <span class='ocrx_word' id='word_1_207' title='bbox 331 3222 362 3276; x_wconf 90' lang='lat' dir='ltr'><strong>et</strong></span> <span class='ocrx_word' id='word_1_208' title='bbox 376 3232 394 3275; x_wconf 92' lang='lat' dir='ltr'><strong>e</strong></span> <span class='ocrx_word' id='word_1_209' title='bbox 406 3215 473 3276; x_wconf 91' lang='lat' dir='ltr'><strong>rivo</strong></span> <span class='ocrx_word' id='word_1_210' title='bbox 493 3214 619 3276; x_wconf 85' lang='lat' dir='ltr'><strong>flumina</strong></span> <span class='ocrx_word' id='word_1_211' title='bbox 633 3231 744 3290; x_wconf 84' lang='lat' dir='ltr'><strong>magna</strong></span> <span class='ocrx_word' id='word_1_212' title='bbox 759 3213 846 3274; x_wconf 83' lang='lat' dir='ltr'><strong>lacis.</strong></span> 
     </span>
     <span class='ocr_line' id='line_1_35' title="bbox 142 3297 962 3373; baseline -0.002 -14"><span class='ocrx_word' id='word_1_213' title='bbox 142 3297 235 3360; x_wconf 86' lang='lat' dir='ltr'><strong>Grata</strong></span> <span class='ocrx_word' id='word_1_214' title='bbox 250 3299 374 3373; x_wconf 89' lang='lat' dir='ltr'><strong>quidem</strong></span> <span class='ocrx_word' id='word_1_215' title='bbox 395 3305 467 3360; x_wconf 92' lang='lat' dir='ltr'><strong>sunt</strong></span> <span class='ocrx_word' id='word_1_216' title='bbox 479 3298 556 3360; x_wconf 87' lang='lat' dir='ltr'><strong>haee</strong></span> <span class='ocrx_word' id='word_1_217' title='bbox 570 3301 670 3359; x_wconf 91' lang='lat' dir='ltr'><strong>animo</strong></span> <span class='ocrx_word' id='word_1_218' title='bbox 685 3297 832 3373; x_wconf 78' lang='lat' dir='ltr'><strong>suffragia</strong></span> <span class='ocrx_word' id='word_1_219' title='bbox 845 3304 962 3371; x_wconf 86' lang='lat' dir='ltr'><strong>nostro,</strong></span> 
     </span>
     <span class='ocr_line' id='line_1_36' title="bbox 182 3378 1068 3459; baseline 0 -17"><span class='ocrx_word' id='word_1_220' title='bbox 182 3378 244 3442; x_wconf 83' lang='lat' dir='ltr'><strong>Vix</strong></span> <span class='ocrx_word' id='word_1_221' title='bbox 259 3382 318 3443; x_wconf 91' lang='lat' dir='ltr'><strong>sibi</strong></span> <span class='ocrx_word' id='word_1_222' title='bbox 338 3398 407 3443; x_wconf 89' lang='lat' dir='ltr'><strong>oum</strong></span> <span class='ocrx_word' id='word_1_223' title='bbox 421 3382 552 3443; x_wconf 85' lang='lat' dir='ltr'><strong>miseros</strong></span> <span class='ocrx_word' id='word_1_224' title='bbox 567 3399 664 3458; x_wconf 88' lang='lat' dir='ltr'><strong>posse</strong></span> <span class='ocrx_word' id='word_1_225' title='bbox 678 3384 800 3459; x_wconf 85' lang='lat' dir='ltr'><strong>plaeere</strong></span> <span class='ocrx_word' id='word_1_226' title='bbox 815 3387 916 3458; x_wconf 71' lang='lat' dir='ltr'><strong>putas,</strong></span> <span class='ocrx_word' id='word_1_227' title='bbox 1027 3410 1068 3427; x_wconf 88' lang='lat'><em>-</em></span> 
     </span>
     <span class='ocr_line' id='line_1_37' title="bbox 86 3463 960 3542; baseline 0.001 -18"><span class='ocrx_word' id='word_1_228' title='bbox 86 3472 123 3524; x_wconf 69' lang='grc' dir='ltr'><strong>ιιι</strong></span> <span class='ocrx_word' id='word_1_229' title='bbox 139 3463 218 3526; x_wconf 77' lang='lat' dir='ltr'><strong>llum</strong></span> <span class='ocrx_word' id='word_1_230' title='bbox 231 3471 331 3528; x_wconf 87' lang='lat' dir='ltr'><strong>tamen</strong></span> <span class='ocrx_word' id='word_1_231' title='bbox 348 3468 377 3526; x_wconf 92' lang='lat' dir='ltr'><strong>in</strong></span> <span class='ocrx_word' id='word_1_232' title='bbox 392 3466 486 3528; x_wconf 88' lang='lat' dir='ltr'><strong>rebus</strong></span> <span class='ocrx_word' id='word_1_233' title='bbox 501 3473 684 3542; x_wconf 87' lang='lat' dir='ltr'><strong>temptamus</strong></span> <span class='ocrx_word' id='word_1_234' title='bbox 699 3465 834 3527; x_wconf 86' lang='lat' dir='ltr'><strong>earmina</strong></span> <span class='ocrx_word' id='word_1_235' title='bbox 846 3465 960 3541; x_wconf 83' lang='lat' dir='ltr'><strong>parvis,</strong></span> 
     </span>
    </p>
   </div>
   <div class='ocr_carea' id='block_1_5' title="bbox 0 0 1164 3960">
    <p class='ocr_par' dir='ltr' id='par_1_5' title="bbox 0 0 1164 3960">
     <span class='ocr_line' id='line_1_38' title="bbox 0 0 1164 3960; baseline 0 0"><span class='ocrx_word' id='word_1_236' title='bbox 0 0 1164 3960; x_wconf 95' lang='lat' dir='ltr'><strong> </strong></span> 
     </span>
    </p>
   </div>
  </div>
 </body>
</html>
