2318 3960
100 230 164 296 aaa
306 264 308 269 «
493 231 750 293 rnsronun
837 198 839 201 ’

182 383 378 459 Tarquinium
393 385 524 460 profuga
542 400 661 459 poenas
676 401 745 445 curn
761 384 857 459 stirpe
872 381 1020 447 daturum.

225 468 288 527 lam
303 469 378 530 satis
395 475 444 529 est
457 467 553 528 virtus
566 469 758 528 dissimulata
773 468 847 528 diu?

114 558 166 613 845
183 550 239 609 Illa
252 552 358 613 laeens
375 553 414 612 ad
429 551 525 610 verba
540 552 648 611 oeulos
664 552 731 611 sine
745 553 859 611 lumine
874 550 979 625 movit,

224 635 363 710 Visaque
378 651 531 694 concussa
545 635 626 694 dieta
640 635 773 710 probare
789 650 894 696 coma.-

181 719 288 780 Fertur
302 720 333 778 in
353 719 502 793 exequias
523 719 614 778 animi
630 726 769 779 matrona
785 717 892 793 virilis,

223 801 260 863 Et
274 818 379 861 secum
393 802 535 862 lacrimas
551 802 758 876 invidiamque
772 802 872 862 trahit.

184 886 302 946 Volnus
318 886 407 945 inane
422 892 514 960 patet.
550 886 661 946 Brutus
677 887 812 945 elamore
827 884 958 959 Quirites

116 977 169 1029 850
225 968 376 1041 concitat,
400 976 430 1028 et
444 969 525 1042 regis
542 970 622 1027 laeta
636 969 769 1028 nefanda
783 970 887 1028 refert.

182 1052 364 1127 Tarquinius
380 1068 448 1112 eum
463 1053 551 1126 prole
567 1052 649 1126 sugit.
687 1053 768 1128 capit
782 1069 885 1112 annua
898 1051 1005 1111 consul

222 1136 300 1194 Iura.
334 1136 401 1195 dies
416 1136 519 1208 regnis
536 1135 587 1195 illa
602 1152 746 1210 suprema
761 1137 825 1197 luit.

432 1268 483 1328 25.
505 1268 561 1328 Hc
600 1268 651 1330 26.
674 1271 703 1327 A
725 1267 780 1327 FN

154 1448 155 1452 ,
183 1385 341 1458 Fallimur,
357 1401 396 1444 an
410 1386 492 1444 veris
509 1387 690 1461 praenuntia
703 1386 788 1447 venit
801 1384 944 1457 hirundo,

223 1470 261 1530 Et
275 1468 395 1541 metuit,
418 1484 457 1527 ne
473 1484 534 1544 qua
548 1485 639 1529 versa
652 1475 789 1531 'recurrat
805 1469 926 1529 hiems?

116 1559 168 1613 855
184 1551 285 1629 Saepe
299 1559 415 1626 tamen,
438 1551 570 1628 Procne,
591 1553 716 1612 nimium
731 1567 918 1629 properasse
934 1551 1084 1626 quereris,

223 1636 341 1710 Virque
357 1641 409 1694 tuo
424 1635 538 1695 Tereus
554 1637 668 1712 frigore
683 1636 780 1696 laetus
795 1637 860 1695 erit.

406 1769 457 1832 27.
477 1772 501 1830 Β
520 1770 643 1843 Eli-lli)
678 1768 729 1831 28.
753 1769 803 1830 CC

182 1890 307 1964 lamque
322 1891 402 1951 duae
417 1899 536 1952 restant
549 1898 656 1951 noctes
673 1891 712 1950 de
730 1905 836 1950 mense
852 1889 1000 1950 secunda.

215 1973 360 2048 Marsque
376 1974 454 2036 citos
470 1974 580 2034 iunctis
596 1974 735 2032 curribus
748 1978 837 2048 urget
854 1988 971 2047 equos:

181 2055 227 2114 Ex
241 2073 314 2117 vero
335 2059 468 2132 positum
484 2057 651 2133 permansit
664 2057 790 2132 Equiria
806 2071 928 2130 nomen,

114 2145 167 2198 860
220 2140 304 2213 Quae
318 2143 395 2202 dens
411 2142 441 2200 in
457 2141 570 2216 Campa
587 2141 738 2216 prospicit
751 2141 820 2216 ipse
835 2155 904 2199 suo.

183 2223 250 2282 lure
264 2225 368 2300 venis,
392 2226 534 2284 Gradive.
571 2227 672 2284 laeum
686 2231 739 2285 tua
753 2231 893 2298 tempora
907 2229 1043 2298 poscunt

222 2305 428 2383 Signatusque
442 2315 494 2368 tuo
511 2308 633 2368 nomine
648 2308 763 2367 mensis
778 2307 877 2366 adest.

181 2390 330 2457 Venimus
345 2392 375 2450 in
390 2398 526 2466 portum,
549 2391 626 2450 libro
646 2407 715 2450 eum
729 2406 838 2451 mense
854 2397 991 2464 peraeta.

222 2473 350 2548 Naviget
363 2474 433 2533 hine
448 2475 508 2534 alia
522 2475 582 2533 iam
597 2474 670 2534 mihi
686 2475 775 2534 linter
788 2490 878 2549 aqua.

511 2633 662 2640 mmm—...-
666 2636 676 2640 ,Δ
685 2634 701 2639 ..

397 2738 550 2820 LIBER
589 2737 822 2822 ruallus·
878 2805 885 2817 .

184 2856 321 2966 Bellica
344 2892 494 2967 depositis
511 2893 610 2968 clipeo
626 2893 784 2967 paulisper
798 2898 829 2951 et
843 2890 940 2964 hasta,

223 2977 321 3051 Mars,
343 2976 436 3048 ades,
459 2983 490 3035 et
504 2977 615 3035 nitidas
632 2975 755 3036 casside
770 2975 991 3036 solveeomas.

181 3059 322 3120 Forsitan
337 3059 406 3134 ipse
420 3075 527 3133 rogeS,
545 3060 617 3134 quid
632 3059 672 3119 sit
686 3074 754 3118 aum
769 3058 866 3118 Marte
881 3063 1015 3133 poetaet

223 3147 250 3202 A
266 3151 310 3217 te,
334 3143 385 3217 qui
400 3144 532 3215 canitur,
557 3143 681 3203 nomina
696 3142 811 3202 mensis
826 3141 927 3201 habet.

152 3237 168 3288 5
183 3227 255 3301 Ipse
269 3227 359 3287 vides
373 3226 513 3287 manibus
533 3227 638 3302 peragi
654 3228 718 3286 sera
731 3227 812 3286 bella
825 3225 990 3287 Minervae.

223 3308 300 3369 Num
318 3310 417 3370 minus
432 3311 572 3385 ingenuis
588 3310 702 3371 artibus
716 3311 767 3370 illa
781 3317 892 3371 vacatt

181 3388 314 3451 Palladis
329 3396 471 3471 exemplo
486 3395 649 3471 ponendae
664 3402 803 3470 tempora
817 3409 905 3454 sume

224 3474 376 3551 cuspidis.
413 3478 551 3540 invenies
566 3486 597 3539 et
612 3479 696 3553 quod
710 3475 834 3538 inermis
849 3492 925 3553 agas
