2318 3960
495 223 719 289 TRISTIUM

219 380 330 440 Purum
346 378 497 439 discussis
513 380 584 436 abra
598 377 698 435 reddit
712 375 811 450 aquis.

184 464 252 525 lure
266 463 356 538 igitur
370 464 552 537 genitorque
567 460 659 521 deum
672 465 837 535 rectorque
851 466 988 529 vocatur.

217 548 286 607 lure
302 561 401 620 capax
415 544 548 605 mundus
563 543 604 602 nil
618 545 692 602 love
705 545 803 604 maius
818 544 929 621 habet..

182 633 227 691 Tu
243 644 376 705 quoque,
394 643 461 688 cum
477 626 593 701 patriae
608 633 709 686 rector
724 627 826 687 dicare
842 633 1001 702 paterque,

135 723 171 776 lo
222 714 315 774 Utere
330 727 415 772 more
430 712 478 770 dci
494 726 604 771 nomen
620 709 761 771 habentis
776 711 866 771 idem.

181 798 277 870 quue
292 796 377 870 lacis,
394 809 451 854 nec
466 802 495 855 tc
511 795 674 870 qnisquam
689 793 875 855 moderatius
889 809 1035 870 umquam

66 873 71 883 “
225 880 346 953 Imperii
362 878 460 953 potuit
473 879 559 937 lrena
573 885 677 937 tenere
692 878 749 938 sui.

183 966 226 1023 Tu
241 963 360 1022 veniam
377 962 456 1038 parti
471 967 634 1037 superatae
651 976 747 1035 saepe
762 961 882 1032 dedisti,

223 1047 290 1106 Non
307 1062 513 1106 concessurus
530 1062 622 1120 quam
636 1046 689 1104 tibi
703 1045 800 1104 victor
815 1049 888 1104 erat.

134 1142 168 1196 45
182 1129 299 1190 Divitiis
314 1131 404 1190 etiarn
417 1130 528 1190 multos
544 1136 574 1188 et
587 1128 756 1189 honoribus
771 1134 879 1188 auctos

220 1213 301 1287 Vidi,
317 1213 368 1288 qui
382 1215 514 1273 tulerant
526 1212 556 1271 in
573 1220 665 1287 caput
679 1229 764 1272 arma
778 1220 872 1273 tuum.

184 1297 330 1372 Quaeque
344 1297 410 1357 dies
425 1296 547 1371 bellum,
563 1296 632 1356 belli
646 1297 699 1356 tibi
715 1296 838 1357 sustulit
851 1296 935 1371 uam,

222 1381 360 1456 Parsque
375 1382 464 1441 simul
478 1380 599 1455 templis
614 1388 743 1455 utraque
758 1380 840 1440 dona
852 1379 927 1441 tulit.

183 1465 284 1538 thue
297 1471 368 1525 tuus
383 1465 496 1538 gaudet
510 1464 606 1537 miles,
627 1464 710 1537 quod
724 1463 830 1523 vicerit
842 1463 971 1538 hostem,

136 1561 169 1613 50
223 1546 274 1607 Sic
288 1547 401 1606 victum
416 1562 470 1605 cur
485 1562 519 1606 se
533 1547 674 1620 gaudeat
688 1546 787 1606 hostis
802 1546 902 1607 habet.

185 1631 284 1690 Causa
298 1644 366 1688 mea
380 1636 428 1689 est
442 1631 557 1704 melior,
574 1630 625 1703 qui
640 1645 697 1690 nec
712 1631 864 1690 contraria
876 1630 964 1692 dicor

225 1713 328 1786 Arma,
344 1727 401 1772 nec
415 1712 543 1773 hostiles
559 1728 630 1774 esse
646 1720 771 1774 secutus
787 1729 875 1789 opes.

183 1796 241 1855 Per
255 1811 347 1870 mare,
364 1812 419 1870 per
432 1802 539 1871 terras,
555 1812 611 1871 per
624 1797 712 1856 tertia
727 1797 851 1857 numina
865 1798 941 1872 iuro,

224 1879 282 1937 Per
295 1885 325 1938 te
339 1886 535 1954 praesentem
549 1881 813 1955 conspicuumque
828 1881 934 1940 deum:

135 1968 169 2023 55
183 1963 271 2024 Hunc
285 1962 418 2024 animum
433 1962 549 2024 lavisse
563 1963 625 2037 tibi,
640 1965 687 2023 vir
701 1965 841 2037 maxime,
857 1964 979 2039 meque,

225 2046 291 2121 Qua
305 2048 372 2108 sola
386 2048 480 2120 potui,
497 2054 597 2107 mente
612 2048 708 2107 luisse
723 2053 816 2107 tuum.

186 2128 302 2203 Optavi,
320 2137 441 2205 peteres
458 2131 601 2190 caelestia
615 2130 718 2189 sidera
732 2131 826 2206 tarde,

226 2212 364 2287 Parsque
379 2212 420 2270 sui
434 2212 542 2272 turbae
556 2227 651 2287 parva
664 2213 817 2287 precantis
833 2215 922 2288 idem,
1027 2281 1030 2287 ,

185 2295 222 2355 llt
236 2296 287 2370 pia
302 2302 368 2355 tura
384 2295 454 2354 dedi
470 2311 527 2370 pro
543 2303 581 2370 tc,
598 2311 728 2370 cumque
743 2298 885 2360 omnibus
900 2315 981 2360 unus

132 2383 166 2438 60
217 2380 289 2454 lpse
307 2393 432 2454 quoque
449 2378 552 2438 adiuvi
573 2379 696 2454 publica
713 2389 784 2442 vota
799 2382 886 2442 meis.

185 2461 263 2535 Quid
274 2462 404 2521 referam
418 2461 522 2535 libros
538 2463 606 2523 illos
624 2479 757 2539 quoque,
777 2464 903 2526 crimina
915 2475 1031 2541 nostra,

226 2544 308 2605 Mille
323 2545 399 2606 locis
412 2545 522 2619 plenos
538 2544 668 2606 nominis
681 2563 753 2608 esse
766 2549 831 2608 tuit

184 2627 305 2704 Inspice
319 2628 416 2689 maius
429 2645 518 2705 opus,
535 2630 618 2705 quod
630 2631 730 2690 adhuc
742 2633 809 2694 sine
821 2633 882 2693 line
893 2633 1012 2710 reliqui.

225 2713 259 2772 In
274 2729 333 2773 non
350 2712 523 2775 credendos
533 2729 667 2790 corpora
678 2731 770 2776 versa
782 2717 909 2778 modos:

135 2804 168 2859 65
183 2796 324 2857 Invenies
337 2797 432 2857 vestri
443 2799 610 2872 praeconia
624 2798 755 2859 nominis
770 2801 840 2876 illic,

223 2880 363 2941 Invenies
380 2881 470 2940 animi
481 2881 609 2957 pignora
621 2884 714 2944 multa
728 2883 797 2944 mei.

183 2964 314 3026 Nantua
333 2965 516 3028 carminibus
531 2967 627 3026 maior
640 2967 673 3026 fit
688 2968 793 3041 gloria.
817 2983 875 3028 nec
890 2984 962 3043 quo,

225 3049 266 3109 Ut
280 3049 377 3110 maior
390 3050 450 3125 liat,
464 3064 605 3111 crescere
617 3051 726 3125 possit,
743 3051 845 3111 habet.

183 3131 276 3191 Fama
291 3133 356 3193 Iovi
368 3140 519 3208 superest.
541 3139 641 3193 mmen
656 3134 737 3195 hunc
749 3151 805 3199 sna
817 3137 895 3197 lacta
905 3133 1013 3196 referri

138 3221 172 3276 70
226 3214 264 3273 Et
276 3230 310 3274 se
324 3217 480 3276 materiam
495 3217 635 3278 carminis
648 3233 719 3278 esse
732 3219 823 3295 iuvat,

187 3297 323 3372 cumque
337 3299 473 3373 Gigantei
487 3309 694 3363 memorantur
708 3303 826 3376 proelia
839 3301 922 3377 belli,

227 3380 376 3441 Credibile
389 3388 437 3442 est
450 3385 562 3443 laetum
576 3385 718 3445 laudibus
733 3401 806 3447 esse
819 3385 895 3446 suis.

183 3465 224 3524 le
240 3464 394 3524 celebrant
406 3463 456 3525 alii
470 3473 584 3541 quanto
600 3468 689 3528 decet
701 3483 762 3542 ore,
776 3475 908 3545 tuasque
