2318 3960
99 211 143 274 ω
493 205 718 266 TRISTIUM

223 361 289 423 lloc
304 365 420 434 peteret
434 373 491 432 pro
506 371 564 429 me,
589 357 716 416 forsitan
732 356 782 415 ille
797 355 892 416 daret.

138 456 172 510 55
183 443 305 519 Frigida
318 457 366 501 me
381 440 524 501 cohibent
537 439 647 499 Euxini
661 440 750 501 litora
763 439 865 500 Ponti=

224 527 328 588 Dictus
344 523 382 584 ab
398 524 531 598 antiquis
546 524 674 583 Axenus
688 524 739 582 illc
754 523 817 583 luit.

182 610 257 671 Nam
272 623 373 682 neque
387 608 536 668 iactantur
549 606 714 668 moderatis
730 621 866 681 aequora
880 607 996 685 ventis,

222 694 284 754 Nec
299 690 439 766 placidos
456 698 561 765 portus
576 690 700 766 hospita
713 692 803 752 navis
817 689 919 751 habet.

184 777 260 838 Sunt
274 776 355 834 circa
369 781 486 849 gentes,
507 789 587 849 quae
603 775 749 849 praedam
765 775 915 850 sanguine
931 781 1090 852 quaerunlr

139 872 173 926 60
224 861 286 920 Nec
302 858 400 918 minus
415 858 509 918 infida
523 865 604 918 terra
620 860 739 919 timetur
755 875 846 934 aqua.

184 945 237 1011 lili,
262 957 341 1017 quos
357 942 445 1002 audis
460 941 615 1001 hominum
628 944 763 1017 gaudere
778 957 895 1016 cruore,

222 1027 322 1086 Paene
337 1025 394 1086 sub
410 1027 549 1086 eiusdem
565 1025 676 1086 sideris
692 1041 750 1086 axe
765 1026 873 1086 iacent

183 1110 245 1170 Nec
261 1110 368 1185 procul
383 1125 402 1168 a
416 1108 506 1170 nobis
521 1110 607 1172 locus
623 1116 679 1184 est,
699 1109 751 1170 ubi
765 1109 892 1169 Taurica
907 1107 976 1168 dira

224 1194 324 1256 Caede
340 1193 531 1269 pharetratae
547 1193 702 1269 spargitur
716 1209 770 1254 ara
785 1193 872 1252 deae.

138 1285 172 1341 65
184 1278 268 1338 Haec
282 1278 377 1353 prius,
400 1283 432 1337 ut
446 1284 623 1350 memorant,
645 1294 708 1339 non
722 1276 877 1337 invidiosa
891 1274 1039 1336 nefandis

224 1361 286 1421 Nec
301 1363 453 1436 cupienda
467 1361 557 1421 bonis
571 1376 667 1436 regna
679 1360 823 1420 Thoantis
842 1365 937 1420 erant.

184 1445 240 1504 Hic
258 1460 314 1520 pro
329 1445 493 1521 supposita
506 1445 593 1519 virgo
607 1443 754 1520 Pelopeia
768 1459 860 1503 cerva
886 1449 888 1453 ‘

227 1527 323 1589 Sacra
338 1528 415 1588 deae
430 1528 523 1607 coluit
538 1528 771 1602 qualiacumque
786 1542 870 1588 suae.

185 1613 250 1685 Quo
267 1618 440 1687 postquam,
457 1610 590 1684 dubium,
613 1612 682 1686 pius
698 1628 736 1671 an
752 1611 929 1686 sceleratus,
945 1607 1072 1673 Orestes

139 1702 173 1759 lo
224 1695 358 1755 Exactus
373 1694 459 1754 furiis
477 1702 601 1754 venerat
616 1696 683 1769 ipse
701 1695 775 1767 suis,

182 1778 220 1838 Et
232 1793 336 1838 comes
352 1779 525 1852 exemplum
540 1778 603 1837 veri
617 1778 756 1839 Phoceus
772 1776 895 1850 amoris,

224 1861 280 1934 Qui
295 1861 354 1922 duo
371 1861 560 1937 corporibus
584 1861 734 1922 mentibus
750 1878 828 1922 unus
844 1868 939 1936 erant,

182 1944 321 2005 Protinus
339 1946 449 2006 evincti
464 1946 580 2006 tristem
594 1946 744 2006 ducuntur
759 1944 799 2006 ad
814 1961 906 2020 aram,

221 2026 305 2101 Quae
320 2030 420 2090 stabat
434 2030 573 2104 geminas
591 2036 660 2089 ante
676 2035 801 2089 cmenla
817 2028 909 2089 iores.

136 2119 170 2176 tu
181 2111 242 2171 Nec
257 2118 358 2172 tamen
372 2112 454 2172 hunc
469 2129 526 2173 sua
541 2128 633 2186 more,
649 2128 706 2172 nec
721 2129 804 2173 mors
820 2128 877 2173 sua
891 2113 1000 2176 terruit
1015 2112 1096 2175 illum

221 2195 306 2254 Alter
321 2194 359 2255 ab
375 2196 498 2255 atterius
514 2197 619 2256 iuuere
632 2203 768 2257 maestus
784 2202 857 2256 erat.

179 2278 290 2337 Etiam
305 2278 482 2338 constiterat
498 2279 601 2339 stricto
617 2295 764 2340 mucrone
778 2279 936 2358 sacerdos,

221 2360 364 2420 cinxerat
379 2368 408 2422 et
423 2361 530 2422 Graias
544 2362 677 2423 barbara
690 2364 765 2423 vitta
781 2378 895 2436 comas,

181 2443 254 2504 Cum
269 2444 337 2504 vice
352 2444 503 2505 sermonis
517 2447 640 2506 fratrem
656 2447 808 2521 cognovit,
830 2455 861 2508 et
871 2446 913 2506 illi

135 2533 171 2589 80
222 2527 280 2587 Pro
295 2543 372 2589 nece
388 2529 567 2603 complexus
582 2529 741 2606 Iphigenia
756 2530 849 2589 dedit.

184 2611 278 2671 Laeta
293 2611 370 2672 deae
385 2612 514 2687 signum,
538 2614 674 2674 crudelia
688 2628 777 2674 sacra
791 2629 934 2687 perosae,

223 2694 386 2756 Transtulit
401 2712 440 2756 ex
454 2696 513 2757 illis
527 2695 558 2756 in
572 2697 698 2757 meliora
712 2697 799 2758 locis.

181 2775 266 2839 Haec
280 2779 370 2854 igitur
384 2780 478 2854 regio,
501 2783 601 2855 magni
616 2796 713 2857 paene
728 2779 833 2840 ultima
847 2779 962 2856 mundi,

221 2862 316 2935 Quam
331 2863 437 2938 lugere
452 2864 592 2925 homines
607 2866 709 2941 dique,
732 2864 906 2939 propinqua
919 2860 994 2924 mihi
1009 2868 1077 2926 ost·

135 2953 169 3008 85
181 2945 282 3021 Atque
296 2962 394 3006 meam
409 2953 519 3008 terram
534 2965 631 3024 prope
648 2954 718 3009 sunt
733 2947 872 3007 lunebria
887 2963 987 3024 sacra,

226 3027 259 3088 Si
274 3029 368 3092 modo
386 3031 499 3094 Nasoni
514 3032 646 3094 barbara
661 3039 743 3093 terra
760 3045 818 3092 sua
834 3037 889 3091 est.

181 3111 204 3171 0
219 3112 334 3174 utinam
351 3116 441 3189 renti,
467 3116 576 3190 quibus
595 3123 642 3177 est
657 3109 777 3176 ablatus
793 3113 927 3190 Orestes,

218 3195 340 3257 Placato
355 3200 488 3260 relerant
503 3209 532 3261 et
547 3216 615 3260 mea
629 3200 699 3259 vela
714 3198 790 3257 dect

121 3327 163 3421 5.
180 3326 209 3421 0
226 3367 298 3427 mim
315 3368 443 3429 errectos
458 3369 536 3428 mer
550 3383 619 3428 sors
634 3368 731 3443 prima
747 3367 882 3442 sodates,

221 3451 316 3511 Unica
331 3451 459 3543 fortunis
476 3467 528 3511 ara
542 3458 663 3526 reperta
678 3451 768 3512 meis!
