2318 3960
434 221 463 297 1,
484 216 664 283 nowen.
1000 223 1073 288 aon·

128 369 266 448 luppiter
280 369 311 430 in
325 377 412 448 parte
426 377 483 431 est.
513 372 594 447 cepit
607 374 696 434 loeus
710 389 791 434 unus
806 380 976 450 utrumque.

170 456 336 530 Iunctaque
351 461 422 516 sunt
435 470 547 530 magno
562 458 676 533 templa
689 457 811 532 nepotis
826 473 896 518 nvn.

350 586 380 650 Ξ.
402 587 458 648 BF
501 585 604 650 dcc
647 589 758 653 4.Βο

10 685 21 733 ¹*
54 718 112 774 295
130 709 203 785 Quis
217 714 300 769 velat
314 714 344 768 et
357 706 479 782 stellas,
495 716 529 769 ut
543 726 686 786 quaeque
701 712 858 787 oriturque
873 713 1024 789 caditque,

169 792 302 855 Diceret
328 792 474 869 promissi
491 809 564 868 pars
585 794 625 855 sit
639 802 668 855 et
683 795 753 870 ipsa
766 796 835 855 mei.
857 827 860 831 >

127 877 245 938 Felices
261 876 395 952 animae,
411 877 524 952 quibus
539 877 617 938 haec
632 895 822 953 cognoscere
837 881 944 956 primis

168 962 266 1035 inque
281 960 392 1021 domus
407 976 538 1036 superas
554 963 706 1023 scandere
721 979 796 1023 cura
810 965 881 1025 luitt

129 1042 279 1106 Credibile
293 1051 341 1105 est
355 1045 424 1105 illos
439 1045 553 1120 pariter
567 1044 714 1120 vitiisque
728 1047 868 1123 locisque

56 1144 116 1198 300
172 1128 272 1189 Altius
287 1127 429 1190 humanis
447 1129 606 1190 exeruIsse
622 1136 722 1205 caput.

126 1213 194 1274 Non
208 1213 316 1273 Venus
331 1220 361 1274 et
374 1213 478 1274 vinum
495 1212 637 1274 sublimia
650 1221 776 1288 pectora
790 1215 886 1289 fregit,

171 1296 351 1357 Officiumve
366 1296 438 1371 lori,
455 1296 619 1357 militiaeve
632 1297 729 1358 labor.

126 1380 189 1441 Nec
204 1379 281 1442 levis
296 1381 435 1455 ambitio,
451 1382 640 1457 perfusaque
654 1382 752 1456 gloria
766 1382 847 1455 fuco,

169 1464 411 1540 Magnetumque
424 1465 521 1525 sames
538 1466 714 1526 sollicitavit
729 1480 833 1540 opum.

59 1555 115 1610 305
130 1547 307 1609 Admovere
323 1549 420 1609 oculis
436 1550 587 1610 distantia.
600 1551 703 1610 sidera
717 1550 841 1622 nostris,

169 1633 365 1710 Aetheraque
379 1634 501 1708 ingenio
518 1649 712 1710 supposuere
727 1649 795 1695 suo.

128 1713 179 1777 Sic
193 1715 307 1793 petitur
321 1719 450 1781 caelum.
479 1733 542 1778 non
555 1725 589 1779 ut
603 1718 681 1779 serat
695 1718 796 1779 Ossan
813 1717 971 1795 Olympus,

169 1801 305 1877 Ipsaque
318 1801 456 1861 Peliacus
472 1801 576 1861 sidera
590 1808 693 1876 tangat
707 1817 797 1876 apex.

128 1884 191 1945 Nos
209 1901 334 1961 quoque
348 1885 406 1947 sub
422 1884 552 1946 ducibus
569 1886 687 1945 caelum
702 1884 880 1944 metabimur
894 1886 962 1957 illis,

57 1969 113 2024 διο
169 1968 386 2046 Ponemusque
400 1985 476 2029 suos
491 1969 531 2029 ad
546 1983 625 2043 vaga
640 1968 728 2043 signa
743 1968 819 2028 dics.

126 2053 208 2128 Ergo
223 2052 275 2114 ubi
291 2068 355 2114 nox
369 2052 468 2112 aderit
482 2052 618 2111 venturis
632 2052 721 2112 tertia
734 2052 838 2125 Nonis,

171 2134 351 2212 Sparsaque
366 2136 491 2196 caelesti
505 2151 576 2196 rore
590 2134 725 2195 madebit
737 2134 859 2208 humus,

129 2219 285 2296 Octipedis
302 2222 414 2281 frustra
430 2222 616 2295 quaerentur
628 2218 754 2279 brachia
769 2218 890 2280 Caneri:

168 2303 323 2380 Praeceps
338 2304 485 2365 occiduas
500 2303 551 2363 ille
566 2303 681 2366 subibit
695 2319 803 2377 aquas.

60 2396 114 2449 315
131 2388 296 2449 Institerint
309 2388 431 2461 Nonae,
447 2386 534 2449 missi
548 2386 601 2448 tibi
614 2387 747 2449 nubibus
763 2387 835 2448 atris

169 2469 265 2547 Signa
280 2472 397 2532 dabunt
411 2470 538 2547 imbres,
554 2472 712 2532 exoriente
724 2472 816 2547 Lyra.

78 2603 317 2667 taltorta
359 2607 388 2671 6.
408 2605 462 2666 FF
502 2602 532 2665 7.
553 2605 607 2665 Gc
647 2603 676 2665 8.
698 2605 754 2665 Hc
795 2602 1020 2666 9.AAGON

124 2724 273 2802 Quattuor
287 2728 368 2789 adde
384 2728 451 2788 dies
466 2727 577 2787 ductos
593 2741 632 2785 ex
647 2726 755 2786 ordine
768 2726 874 2797 Nonis,

167 2811 259 2872 lanus
275 2812 405 2886 Agonali
421 2813 490 2872 luce
505 2811 638 2887 piandus
654 2811 718 2869 erit.

126 2892 264 2957 Nominis
279 2912 350 2956 esse
364 2902 467 2972 potest
481 2895 655 2955 succinctus
671 2908 767 2953 causa
779 2891 924 2963 minister,

59 2985 116 3038 320
170 2974 280 3040 Hostia
295 2980 453 3041 caelitibus
470 2996 531 3055 quo
547 2979 674 3039 leniente
689 2975 779 3036 cadit.

127 3062 184 3137 Qui
200 3064 300 3126 calido
317 3064 439 3125 strictos
454 3064 603 3125 tincturus
620 3061 769 3137 sanguine
783 3059 908 3133 cultros,

169 3147 299 3224 Semper
312 3155 435 3225 agatne,
450 3155 551 3223 rogat,
567 3162 625 3207 nec
639 3145 699 3206 nisi
713 3145 817 3206 iussus
833 3142 903 3218 agit.

124 3231 216 3309 Pars,
232 3233 305 3308 quia
319 3249 381 3293 non
395 3233 519 3293 veniant
534 3231 687 3307 pecudes,
703 3228 761 3289 sed
774 3233 915 3302 agantur,
930 3228 969 3288 ab
985 3234 1056 3289 actu

167 3315 284 3378 Nomen
299 3317 470 3393 Agonalem
486 3315 582 3377 credit
596 3314 711 3374 habere
726 3313 817 3372 diem.

59 3411 113 3464 aab
126 3400 203 3462 Pars
218 3407 305 3478 putat
319 3401 380 3462 boc
394 3401 505 3461 testum
524 3398 635 3475 priscis
650 3397 780 3473 Agnalia
795 3395 916 3466 dictum,

167 3485 237 3546 Una
251 3485 290 3546 sit
303 3492 336 3545 ut
349 3484 477 3561 proprio
491 3485 588 3545 littera
602 3484 726 3559 dempta
739 3483 820 3541 loco.

80 3578 166 3625 ovro.
190 3569 241 3628 lll.
818 3570 852 3625 ll
