2318 3960
97 224 159 297 ³26
477 222 733 284 FASTORUM

178 378 281 453 Atque
295 377 411 437 utinam
425 389 548 451 pugnae
562 382 666 450 pateat
679 374 781 434 looust
803 390 888 434 arma
903 386 1082 453 capessant,

219 461 265 536 Et,
282 461 386 521 sinon
403 464 547 535 poterunt
562 473 767 533 exsuperare,
785 459 906 519 cadant.

179 545 265 606 Nune
279 546 389 620 inopes
408 543 517 618 vietus
532 542 707 616 ignavaque
722 542 785 603 lata
799 543 940 606 timentes

221 629 325 689 Monte
339 645 397 690 suo
413 628 537 688 clausos
557 625 688 686 barbara
702 625 790 687 turba
804 626 936 701 premit?

114 723 166 779 tte
180 714 264 777 Tune
278 714 400 787 Venus,
416 719 446 772 et
460 713 535 772 lituo
550 709 679 786 pulcher
693 709 862 787 trabeaque
877 711 1032 790 Quirinus,

168 811 171 817 ’
221 799 380 871 Vestaque
393 813 451 872 pro
465 795 552 856 Latio
568 795 662 854 mulla
676 795 780 855 locuta
793 810 851 856 suo
866 806 923 859 est.

180 881 328 942 ‘Publica’
343 880 505 954 respondit
518 883 606 940 ‘rura
619 885 667 939 est
680 895 738 954 pro
753 879 916 943 moenibus
931 880 1025 954 lstis‚’

221 964 360 1041 Iuppiter
378 969 422 1024 ‘et
435 979 554 1039 poenas
570 962 667 1022 Gallia
681 962 763 1023 victa
777 961 870 1023 dabit.

180 1051 225 1110 Tu
238 1049 332 1110 modo
348 1065 428 1124 quae
443 1049 556 1108 desunt
568 1048 682 1122 fruges,
704 1062 873 1122 superesse
888 1055 1043 1125 putentur,

117 1146 167 1201 seo
222 1133 334 1206 Elfioe,
350 1148 408 1193 neo
422 1132 515 1193 sedes
532 1132 651 1205 desere,
666 1132 772 1206 Vesta,
787 1138 866 1192 tuas.

180 1219 402 1294 Quodcumque
409 1223 457 1278 est
471 1215 591 1277 solidae
606 1216 729 1288 cereris,
746 1230 823 1276 cava
834 1217 977 1278 maehina
986 1218 1109 1296 frangat

221 1301 431 1376 Mollitarnque
446 1317 538 1361 manu
552 1301 641 1360 duret
654 1300 771 1375 inlgne
784 1301 897 1361 loeus’

180 1388 324 1449 Iusserat.
353 1394 384 1446 et
397 1386 500 1457 fratris
515 1385 601 1460 virgo
618 1383 760 1446 Saturnia
774 1384 869 1446 lussis

221 1470 346 1532 Annuit.
376 1476 407 1531 et
421 1469 540 1530 mediae
553 1475 693 1544 tempora
708 1469 806 1531 noetis
822 1477 923 1531 orante

115 1565 166 1622 ³85
181 1557 244 1616 lam
259 1554 389 1616 ducibus
408 1570 551 1616 somnum
566 1553 694 1613 dederat
708 1553 804 1614 labor.
835 1555 978 1631 increpat
991 1555 1062 1617 illos

225 1639 375 1715 luppiter,
391 1646 421 1698 et
435 1654 541 1711 sacro,
558 1637 636 1711 quid
646 1639 734 1709 velit,
752 1653 806 1698 ore
819 1639 924 1701 dorso

183 1723 331 1799 ‘Surgita
347 1729 378 1783 et
391 1722 423 1782 in
436 1721 556 1782 medios
572 1721 611 1780 de
625 1722 751 1782 summis
767 1722 889 1785 arcibus
904 1724 1014 1785 hostes

225 1807 346 1883 Mittite,
363 1823 456 1883 quam
468 1805 592 1865 minime
607 1807 739 1882 perdere
750 1807 853 1882 vultis,
869 1812 996 1884 opemt’

184 1892 315 1953 Somnus
330 1891 408 1967 abit,
425 1897 636 1969 quaeruntque
649 1893 739 1952 novis
755 1891 935 1967 ambagibus
950 1894 1019 1969 aeti,

117 1989 169 2045 390
223 1977 355 2037 Perdere
372 1993 463 2052 qnam
476 1975 572 2038 nolint
586 1982 616 2035 et
630 1974 790 2037 iubeantur
804 1991 905 2052 opem.

182 2061 262 2121 Esse
276 2077 363 2121 ceres
380 2061 448 2121 vise
460 2067 517 2120 est.
545 2059 658 2120 iaciunt
672 2059 801 2120 Cerialia
815 2061 912 2122 dona:

225 2147 307 2206 laeta
322 2161 416 2221 super
430 2145 537 2219 galeas
553 2152 701 2219 sanaque
716 2145 808 2219 longa
821 2152 943 2207 sonant.

181 2230 280 2290 Posse
294 2230 376 2290 lame
389 2229 470 2290 vinei
485 2243 559 2304 spes
575 2227 697 2289 excidit.
726 2229 822 2289 Hoste
835 2230 964 2305 repulso

226 2314 363 2374 Candida
383 2313 493 2373 Pistori
507 2314 631 2387 ponitur
646 2328 699 2372 nra
712 2312 787 2373 lovi.

118 2409 169 2464 ³95
183 2397 273 2460 Forte
287 2396 464 2457 revertebar
477 2396 564 2456 lestis
577 2395 754 2458 Vestalibus
769 2398 830 2473 illo,

227 2482 293 2557 Qua
305 2481 394 2541 Nova
405 2481 545 2541 Romano
561 2496 641 2540 nuno
655 2481 707 2541 via
719 2480 824 2543 iuncta
837 2482 906 2543 loro
921 2490 978 2544 est.

183 2568 251 2628 Huc
265 2565 349 2640 pede
360 2571 531 2626 matronam
546 2565 609 2624 vidi
624 2565 816 2626 descendere
829 2567 931 2628 nudo:

228 2649 383 2725 Obstipui,
399 2649 509 2709 taeitus
524 2649 718 2725 sustinuique
731 2651 869 2724 gradum.

185 2734 289 2795 Sensit
302 2749 379 2794 anus
395 2733 496 2794 vicina
510 2733 584 2809 loci,
599 2734 780 2809 iussumque
794 2735 905 2796 sedere

118 2828 172 2881 400
227 2818 410 2892 Alloquitur,
435 2817 591 2894 quatiens,
613 2833 693 2880 vooe
707 2825 863 2893 tremente,
881 2826 990 2896 eaput·

184 2904 273 2977 siloc,
291 2902 344 2962 ubi
361 2918 441 2962 nuno
456 2902 523 2964 lora
538 2909 624 2977 sunt,
640 2902 722 2963 udae
735 2909 861 2965 tenuere
874 2904 1000 2980 paludes

225 2988 324 3046 Amne
337 2985 516 3047 redundatis
532 2987 619 3046 lossa
633 2986 775 3049 madebat
789 2986 888 3064 aquis.

185 3071 305 3133 Curtius
320 3071 370 3131 ille
384 3072 479 3142 lacus,
498 3071 599 3131 siooas
615 3071 668 3146 qui
684 3072 815 3133 sustinet
828 3088 909 3148 aras,

226 3155 312 3217 Nune
327 3155 427 3217 solida
443 3160 491 3214 est
504 3155 610 3226 tellus,
629 3156 686 3216 sed
701 3157 787 3217 lacus
802 3163 873 3217 ante
887 3157 952 3218 brit

118 3250 171 3303 tos
187 3241 251 3313 Qua
263 3238 399 3299 Velabra
414 3240 516 3300 solent
529 3238 561 3298 in
576 3239 695 3300 Circum
710 3240 824 3301 ducere
838 3256 981 3317 pompas,

227 3323 274 3382 Nil
288 3329 410 3399 praeter
423 3323 536 3384 salices
551 3338 705 3399 cassaque
720 3340 818 3386 canna
833 3325 897 3386 luit.

186 3406 288 3481 Saepe
302 3406 495 3468 suburbanas
510 3408 634 3468 rediens
649 3409 782 3468 conviva
795 3424 853 3484 per
866 3406 967 3470 undas

228 3490 347 3560 Canini,
370 3499 401 3551 et
415 3492 456 3552 ad
470 3497 579 3553 nautas
594 3492 679 3553 ebria
693 3492 788 3552 verba
802 3492 887 3563 iacit
