2318 3960
126 232 188 298 234
247 225 249 230 ’
504 228 756 289 l'nsrolttttl

208 383 281 443 lndc
296 382 382 444 nefas
397 382 510 442 ducunt
523 396 620 455 genus
638 379 697 440 hoe
711 380 869 455 imponere
886 378 1011 458 mensis,

248 467 308 526 Nec
327 465 443 526 violant
454 464 550 525 tilnidi
565 463 702 538 piscibus
718 479 772 523 ora
787 461 867 539 Syri.

360 597 409 660 16.
438 597 541 656 ann
586 594 634 658 17.
664 595 891 671 nomam

141 718 347 784 475Prox1ma
362 718 414 776 lux
430 731 528 776 vacua
545 722 600 775 est.
630 723 660 773 at
673 714 762 774 tertia
776 714 856 773 dicta
872 712 1007 787 Quirino.

244 800 298 875 Qui
312 806 394 859 tenet
407 799 467 859 hoc
482 815 607 872 nomen,
622 798 770 858 Romulus
785 805 854 857 ante
869 796 938 858 luit:

203 884 275 944 Sive
291 883 375 957 quod
389 883 478 943 hasta
491 882 572 942 curis
588 882 698 958 priscis
715 888 762 942 est
776 881 858 941 dicta
872 879 1005 954 Sabinis,

242 967 373 1027 Bellicus
389 983 407 1025 a
423 968 482 1026 telo
498 966 623 1025 venitin
637 972 720 1025 astra
735 966 827 1024 deus:

203 1051 276 1112 Sive
291 1065 347 1111 suo
361 1050 427 1124 regi
442 1065 551 1109 nomen
567 1064 702 1124 posuere
718 1049 863 1122 Quirites:

138 1143 190 1197 480
246 1134 307 1195 Seu
326 1134 398 1210 quia
411 1133 557 1194 Romanis
571 1132 711 1193 iunxerat
724 1133 775 1192 ille
790 1132 894 1193 Cures.
917 1209 921 1215 .

202 1219 277 1278 Nam
292 1224 379 1292 pater
393 1217 580 1293 armipotens
597 1224 762 1291 postquam
776 1232 859 1276 nova
872 1214 995 1277 moenia
1009 1215 1085 1278 vidit

243 1302 400 1376 Multaque
414 1301 562 1361 Romulea
576 1301 657 1359 bella
672 1307 794 1376 peracta
809 1315 911 1375 manu,

202 1386 372 1461 ‘luppiter,’
388 1385 485 1459 inquit
498 1384 603 1444 ‘habet
616 1385 754 1444 Rornana
768 1384 904 1459 potentia
924 1382 1021 1444 viresz

240 1468 404 1543 Sanguinis
419 1468 523 1529 ollicio
539 1484 600 1528 non
616 1477 687 1543 eget
700 1469 751 1528 illa
765 1468 833 1527 mei.

137 1565 189 1620 485
203 1553 311 1612 Redde
329 1553 405 1627 patri
420 1559 532 1613 natum.
564 1553 703 1627 quamvis
722 1551 875 1612 intercidit
893 1553 977 1625 alter,

241 1635 299 1696 Pro
314 1652 350 1695 se
363 1652 483 1710 proque
497 1637 592 1696 Remo
609 1637 661 1710 qui
676 1635 748 1695 mihi
761 1642 871 1706 restat,
888 1634 953 1697 erit.

201 1720 310 1780 “Unus
325 1719 394 1794 erit,
410 1735 502 1794 quem
515 1727 548 1779 tu
563 1720 651 1780 tolles
666 1721 696 1779 in
708 1721 829 1781 caerula
844 1718 945 1778 caeli”

240 1804 285 1862 Tu
300 1803 370 1863 mihi
387 1802 500 1863 dixisti.
532 1804 592 1863 sint
605 1811 670 1863 rata
690 1804 771 1864 dicta
786 1802 890 1862 lovis!

201 1885 337 1961 luppiter
351 1894 506 1948 annueret.
535 1894 608 1948 nutu
622 1889 816 1948 tremefactus
831 1895 960 1960 uterque

139 1977 188 2031 lito
240 1969 296 2030 Est
309 1971 415 2045 polus,
437 1978 466 2030 et
481 1973 556 2030 caeli
572 1973 710 2046 pondera
723 1970 819 2031 movit
832 1971 930 2030 Atlas.

200 2054 254 2112 Est
268 2054 370 2129 locus,
386 2054 501 2128 antiqui
514 2055 649 2129 Capreae
664 2054 770 2114 dixere
785 2054 944 2129 paludem

245 2137 331 2197 Forte
344 2138 404 2196 tuis
420 2137 495 2212 illic,
511 2139 656 2210 Romule,
672 2139 739 2197 iura
754 2137 861 2198 dabas.

201 2220 254 2280 Sol
269 2221 357 2295 sugit,
379 2228 410 2281 et
423 2228 581 2281 removent
596 2220 757 2282 subeuntia
771 2221 875 2282 nubila
890 2220 1019 2294 caelum,

240 2304 277 2363 Et
292 2305 394 2379 gravis
410 2303 517 2365 effusis
533 2304 645 2364 decidit
659 2303 755 2364 imber
769 2304 867 2379 aquis.

136 2387 186 2442 495
202 2387 278 2447 Hinc
295 2395 390 2461 tonat,
406 2388 477 2447 hino
492 2388 595 2447 missis
611 2387 800 2462 abrumpitur
815 2386 937 2462 ignibus
952 2387 1057 2448 aether

240 2471 286 2531 Fit
301 2474 383 2545 luga.
412 2485 466 2530 rex
482 2472 587 2546 patriis
602 2479 686 2531 astra
700 2471 822 2547 petebat
838 2471 936 2546 equis.

202 2555 407 2629 incluserat,
425 2555 584 2630 salsaeque
599 2557 748 2630 patrosin
765 2556 890 2616 crimine
908 2553 1031 2615 caedise

240 2638 460 2712 haesissetque
475 2640 583 2699 animis
599 2640 726 2699 forsitan
741 2639 793 2698 illa
807 2639 900 2700 lides=
965 2699 968 2705 .

199 2721 262 2781 Sed
275 2721 420 2782 Proculus
435 2723 541 2797 Longa
559 2723 700 2782 veniebat
714 2723 807 2783 lulius
821 2722 909 2795 Albe,

134 2817 185 2868 500
240 2804 387 2880 Lunaque
404 2805 553 2880 fulgebat,
571 2822 627 2865 nec
643 2806 720 2867 lacis
735 2823 810 2866 usus
826 2814 900 2880 erat,

200 2889 273 2950 Cum
289 2890 389 2948 subito
404 2896 489 2948 motu
503 2889 615 2964 saepe's
630 2898 781 2950 tremuere
795 2891 986 2950 sinistram...

239 2972 363 3032 Rettulit
377 2973 428 3031 ille
441 2974 572 3046 modus,
589 2974 833 3048 horrueruntque
848 2988 985 3034 comae...

197 3054 325 3116 Pulcher
338 3064 368 3116 et
384 3055 517 3116 humano
532 3058 629 3117 maior
642 3057 810 3132 trabeaque
826 3056 959 3118 decorus

238 3140 384 3200 Romulus
403 3140 433 3199 in
449 3140 550 3199 media
565 3140 651 3201 visus
665 3141 778 3202 adesse
798 3140 856 3212 via,

135 3228 184 3281 505
199 3222 236 3281 Et
254 3223 371 3282 dixisse
385 3222 475 3284 simul
496 3222 639 3284 ‘Prohibe
654 3226 757 3300 lugere
773 3223 912 3299 Quirites,

236 3307 297 3364 Nec
312 3307 425 3367 violent
440 3307 572 3368 lacrimis
585 3309 708 3369 numina
722 3315 829 3369 nostra
843 3308 919 3369 suis.

197 3390 276 3448 Tura
291 3390 402 3463 lerant,
418 3391 600 3465 placentque
614 3408 728 3454 novum
744 3392 795 3466 pia
808 3392 897 3453 turba
910 3390 1077 3465 Quirinum,

240 3472 276 3530 El
290 3472 403 3548 patrias
419 3481 500 3534 ortes
515 3474 713 3551 militiamque
728 3477 850 3536 colant!
