2318 3960
97 176 160 241 184
486 165 546 226 EX
568 163 713 226 PONTO

216 321 290 398 Ipsa
302 327 403 382 tanen
416 315 512 378 virtus
528 315 636 376 ordine
648 312 746 376 maior
761 313 826 378 erit.

174 404 242 466 Non
257 409 349 480 negot
361 402 422 462 hoc
435 401 553 475 Hister,
569 397 655 459 cuius
668 405 721 460 tua
734 400 864 460 dextera
878 400 1031 475 quondan
1101 456 1103 461 ,

125 501 161 554 to
216 487 378 548 Punicearn
398 485 503 545 Getico
523 483 674 558 sanguine
688 482 760 543 fecit
772 498 896 558 aquarn.

173 573 240 636 Non
254 576 346 646 negat
358 569 508 644 Aegisos,
526 581 607 641 quae
621 573 651 626 te
665 567 815 627 subeunte
830 575 958 644 recepta

217 655 320 716 Sensit
333 654 363 713 in
378 653 500 727 ingenio
514 651 557 710 nil
572 650 641 725 opis
655 665 729 710 esse
747 649 818 711 loci.

172 740 263 812 Nam,
279 736 419 810 dubium,
434 735 538 811 positu
551 734 660 795 manus
675 734 805 794 detensa
819 749 960 809 manuve,

215 820 296 884 Urbs
312 827 378 880 erat
390 820 421 880 in
434 834 554 880 summo
570 817 702 879 nubibus
717 833 818 894 aequa
830 819 915 894 iugo.

124 915 159 968 25
175 904 314 967 Sithonio
327 903 393 979 regi
407 903 491 963 ierus
505 902 708 977 interceperat
721 902 804 962 illurn

215 988 322 1049 Hostis
336 994 366 1048 et
379 993 502 1061 ereptas
517 986 616 1046 victor
628 984 761 1047 habebat
775 1001 863 1062 opes.

172 1073 280 1134 Donec
294 1071 439 1132 fluminea
454 1071 584 1130 devecta
596 1069 739 1130 Vitellius
754 1069 839 1130 unda

216 1156 332 1231 Intulit,
346 1154 488 1231 exposito
502 1153 612 1227 milite,
627 1153 717 1228 signa
732 1154 826 1214 Getis.

178 1240 215 1300 tt
227 1239 296 1314 tibi,
311 1239 476 1315 progenies
491 1237 543 1297 atti
558 1237 725 1298 fortissima
737 1237 858 1312 Domni,

125 1326 161 1379 30
215 1322 352 1383 venitin
366 1322 517 1382 adversos
532 1320 665 1395 impetus
679 1321 725 1380 ire
738 1321 834 1380 viros.

174 1407 236 1467 Nec
251 1423 352 1477 mora,
374 1405 560 1480 conspicuus
575 1403 667 1480 longe
680 1402 868 1480 fulgentibus
881 1404 986 1479 annis,

212 1488 316 1550 Fortia
328 1504 371 1548 ne
381 1488 504 1564 possint
517 1489 597 1548 tacta
611 1489 720 1562 latere,
735 1494 853 1560 caves·

174 1573 354 1648 Ingentique
367 1572 466 1647 gradu
480 1577 586 1631 contra
599 1572 775 1646 ternumque
794 1572 960 1647 iocumque

217 1655 363 1730 Saxaque
376 1653 505 1716 brumali
519 1656 668 1729 grandine
682 1657 771 1730 ptura
783 1654 880 1715 subin

125 1750 159 1805 35
171 1740 235 1801 Nec
249 1746 279 1800 te
296 1738 392 1798 missa
405 1754 500 1814 super
514 1738 680 1799 iaculorum
693 1737 784 1798 turba
795 1745 938 1814 moran,

216 1823 279 1883 Nec
295 1838 375 1898 quae
388 1822 515 1898 vipereo
529 1823 591 1882 tela
607 1837 716 1883 cruore
730 1821 863 1882 madent.

177 1905 303 1983 Spicula
317 1921 385 1966 cum
401 1905 489 1982 pictis
504 1905 631 1965 haerent
644 1904 675 1964 in
691 1905 814 1966 casside
828 1905 940 1981 pinnis,

217 1990 355 2065 Parsque
368 1991 432 2049 tere
447 1989 525 2049 senti
540 1989 668 2048 vulnere
681 1989 764 2048 nulia
778 1995 877 2048 vacat

174 2074 238 2135 Nec
252 2089 365 2148 eorpus
381 2080 507 2133 cunctos
523 2071 650 2133 feliciter
665 2071 773 2147 effugit
784 2070 882 2134 iotnst

126 2165 162 2219 to
217 2156 279 2217 Sed
294 2156 393 2218 minor
406 2163 455 2217 est
468 2155 532 2219 acri
545 2155 645 2217 laudis
660 2170 768 2217 amore
778 2155 878 2217 dolor.

174 2239 255 2300 Talis
270 2240 353 2315 apud
366 2237 487 2301 troiam
500 2239 616 2301 Dauus
629 2253 685 2314 pro
700 2236 831 2301 navibus
844 2237 927 2301 Aiax

215 2323 331 2384 Dicitur
344 2324 513 2384 Hectoreas
531 2322 718 2385 sustinuisse
731 2323 826 2383 taccu
994 2328 998 2337 '

174 2406 215 2468 Ut
233 2406 361 2482 propius
374 2415 498 2468 ventum
512 2413 575 2478 est,
591 2407 778 2481 admotaque
796 2406 923 2466 dextera
937 2406 1065 2469 dextrae

215 2490 340 2564 Resque
355 2491 420 2551 tero
435 2490 534 2566 potuit
547 2489 719 2552 cornminus
731 2503 807 2551 ense
821 2489 897 2565 geri,

125 2586 163 2639 to
174 2572 283 2634 Dicere
298 2572 423 2634 ditficite
437 2580 499 2648 est,
516 2573 590 2648 quid
603 2573 687 2635 Mars
702 2580 771 2634 tuus
786 2573 882 2649 egerit
894 2572 965 2649 nne,

216 2657 355 2731 Quotqne
370 2658 437 2716 neci
453 2656 593 2732 dederis,
608 2672 767 2732 quosque,
782 2657 958 2732 quibusque
972 2657 1071 2719 modis

174 2740 258 2800 Ense
271 2746 323 2800 tuo
339 2741 437 2803 tactos
452 2740 595 2801 calcabas
613 2741 710 2803 victor
723 2755 865 2815 acervos,

214 2824 417 2899 inpositoque
431 2823 523 2884 Getes
537 2823 596 2885 sub
610 2825 691 2900 pede
705 2825 818 2885 multus
832 2830 907 2885 erat

173 2906 292 2981 Pugnat
305 2907 346 2967 ad
359 2908 532 2982 exemplum
548 2907 636 2982 primi
649 2909 749 2971 rninor
759 2908 868 2971 ordine
881 2908 945 2984 pili,

123 2998 159 3053 50
211 2990 368 3066 Multaque
383 2991 441 3060 tert
454 2991 540 3051 mites
555 2995 697 3064 vulnera,
713 2992 809 3052 multa
821 2990 903 3052 tacit

175 3071 238 3134 Sed
255 3079 371 3135 tanturn
384 3074 482 3135 uirtus
496 3073 575 3134 aiios
589 3081 642 3136 tua
657 3075 802 3150 praeterit
815 3089 933 3137 omnes.

213 3157 294 3217 Ante
309 3158 386 3221 citos
402 3164 547 3234 quantum
560 3157 697 3232 Pegasus
711 3158 775 3220 ibat
788 3171 900 3234 equos.

173 3237 315 3301 Viucitur
326 3239 472 3316 Aegisos
501 3247 672 3317 testataque
685 3249 807 3319 tempus
820 3239 851 3302 in
867 3252 961 3305 omne

217 3321 294 3383 Sunt
307 3329 371 3399 tua,
385 3323 536 3398 Vestalis,
552 3324 685 3388 armine
699 3323 779 3388 tactu
792 3338 872 3387 uteo.

486 3467 703 3482 m·
