2318 3960
100 179 161 242 226
479 177 733 242 FASTORUM

120 340 170 396 175
184 329 272 392 Luna
284 346 399 391 novum
415 329 518 391 decies
533 329 673 404 implerat
687 329 831 390 cornibus
847 329 956 391 orbem

224 409 310 490 Quae
323 415 423 474 iuerat
435 414 522 489 virgo
539 413 668 485 credita,
685 419 782 473 mater
795 420 868 473 erat.
1074 468 1082 472 .

183 499 284 560 Laesa
296 498 367 560 furit
380 499 472 572 Iuno,
489 498 616 558 sormam
630 503 787 571 mutatque
800 497 936 572 puellae.
1046 560 1048 564 ,

108 657 111 663 ¹
226 581 305 656 Quid
318 582 418 643 facist
444 581 539 641 invito
554 587 601 640 est
614 587 740 656 pectore
755 597 851 657 passa
865 583 968 641 lovem

182 667 285 741 thue
297 666 381 726 ferae
395 665 471 725 vidit
485 672 589 740 turpes
604 664 634 723 in
649 665 748 740 pelice
764 667 873 740 voltus,

120 755 171 809 180
228 750 338 811 ‘Huius
355 748 387 808 in
400 750 560 824 amplexus
575 749 723 824 luppiter’
740 749 838 825 inquit
852 753 936 808 ‘eat’

182 834 263 894 Ursa
278 849 334 909 per
347 833 478 894 incultos
493 832 613 893 errabat
627 834 770 908 squalido
783 841 915 907 montes,

226 917 309 991 Quae
323 917 423 977 fuerat
438 933 557 977 summo
572 932 674 991 nuper
687 925 787 977 amata
802 917 877 978 lovi.

174 1002 248 1061 lam
262 1001 319 1061 tria
333 1001 429 1063 lustra
443 1016 521 1078 puer
536 1001 615 1060 furto
632 1008 801 1076 conceptus
816 1001 936 1076 agebat,
1024 1059 1026 1063 ,

228 1086 300 1146 Cum
315 1092 411 1144 mater
425 1090 496 1144 nato
512 1092 560 1144 est
575 1084 667 1143 obvia
682 1086 762 1144 iacta
777 1100 843 1146 suo.

124 1179 174 1236 185
189 1172 245 1229 illa
260 1170 396 1245 quidem,
412 1176 568 1249 tamquam
583 1176 800 1244 cognosceret,
817 1168 932 1229 adstitit
945 1182 1063 1240 amens,

224 1254 262 1312 Et
276 1253 398 1328 gemuit.
429 1253 560 1328 gemitus
575 1252 671 1311 verba
686 1252 821 1328 parentis
837 1258 932 1313 erant.

185 1338 270 1396 Hanc
286 1354 361 1412 puer
376 1337 500 1412 ignarus
515 1335 615 1396 iaculo
632 1335 753 1397 fixisset
767 1344 866 1408 acuto,

226 1421 262 1480 Ni
278 1422 357 1481 foret
371 1422 401 1479 in
416 1437 545 1496 superas
559 1428 666 1496 raptus
682 1429 810 1496 uterque
825 1421 946 1484 domos.

186 1504 281 1581 Signa
288 1503 685 1580 propinquamicant.Prior
693 1504 1088 1581 estquamdicimusArcto:

124 1597 174 1651 190
228 1589 444 1667 Arctophylax
460 1591 589 1649 formam
601 1596 687 1664 terga
701 1589 860 1663 sequentis
875 1587 978 1647 habet.

187 1672 290 1732 Saevit
304 1673 420 1748 adhuc,
437 1689 607 1747 canamque
622 1680 711 1748 rogat
725 1672 869 1734 Saturnia
882 1671 1014 1748 Tethyn,

228 1757 408 1816 Maenaliam
420 1758 509 1817 tactis
523 1773 562 1816 ne
576 1759 658 1817 lavet
672 1759 787 1817 Arcton
802 1757 903 1832 aquis.

478 1888 529 1952 13.
556 1891 747 1951 aalma)

185 2005 290 2064 idibus
308 2006 437 2079 agrestis
454 2006 569 2065 fumant
588 2005 695 2065 altaria
708 2004 814 2079 Fauni,

228 2088 285 2147 Hic
300 2088 350 2147 ubi
367 2089 516 2149 discretas
531 2090 631 2149 insula
644 2088 759 2164 rumpit
772 2105 880 2164 aquas.

124 2183 174 2237 195
189 2174 272 2233 Haec
286 2171 342 2231 fuit
356 2173 407 2231 illa
425 2174 508 2246 dies,
524 2175 555 2231 in
571 2189 631 2248 qua
645 2173 826 2232 Veientibus
844 2173 928 2235 arvis

226 2257 284 2315 Ter
298 2263 419 2317 centum
432 2257 518 2316 Fabii
532 2264 578 2316 ter
593 2257 732 2315 cecidere
747 2257 820 2316 duo.

185 2341 253 2402 Una
268 2340 378 2400 domus
393 2342 475 2401 vires
491 2349 521 2400 et
535 2357 613 2400 onus
629 2347 809 2415 susceperat
823 2340 924 2403 urbis=

228 2423 356 2484 Sumunt
369 2425 498 2499 gentiles
515 2441 598 2485 arma
612 2427 757 2500 professa
770 2440 895 2484 manus:
991 2451 994 2455 ·

188 2508 348 2584 Egreditur
363 2510 472 2569 castris
487 2508 574 2568 miles
588 2524 759 2584 generosus
774 2507 812 2567 ab
825 2508 934 2584 isdem,

124 2602 175 2655 200
230 2593 254 2650 E
271 2592 340 2667 quis
356 2593 420 2652 dux
434 2594 500 2653 fieri
516 2593 643 2667 quilibet
657 2600 746 2668 aptus
763 2600 835 2652 erat.

189 2676 355 2736 Carmentis
372 2685 479 2752 portae
494 2678 602 2736 dextra
616 2685 664 2736 est
678 2679 729 2737 via
743 2677 883 2752 proxima
898 2678 988 2740 lano:

124 2771 175 2823 202
229 2762 278 2819 Ire
293 2761 442 2836 perhanc
457 2762 534 2834 noli,
551 2761 693 2837 quisquis
709 2777 753 2822 es.
784 2777 873 2820 omen
887 2761 990 2824 habet.

124 2856 174 2909 205
189 2846 228 2906 Ut
243 2846 334 2904 celeri
349 2860 446 2920 passu
462 2846 632 2905 Cremeram
647 2845 772 2920 tetigere
785 2861 971 2923 rapacem...

227 2928 378 2988 Turbidus
395 2929 531 2989 hibernis
547 2930 598 2989 ilie
615 2928 730 2989 fluebat
743 2929 864 3004 aquis...

187 3014 294 3073 Castra
308 3012 378 3073 loco
395 3021 521 3089 ponunt.
550 3013 704 3074 destrictis
719 3013 845 3074 ensibus
859 3013 920 3089 ipsi

228 3097 417 3175 Tyrrhenum
432 3099 535 3159 valido
550 3104 646 3157 marte
660 3113 716 3173 per
729 3114 838 3174 agmen
853 3107 934 3159 eunt

187 3182 255 3240 Non
272 3182 366 3255 aliter,
384 3199 475 3257 quam
490 3198 559 3242 cum
574 3181 690 3258 Libyca
704 3182 743 3241 de
757 3197 835 3257 rupe
849 3182 957 3243 leones

124 3275 176 3326 ato
230 3265 383 3326 Invadunt
397 3282 527 3342 sparsos
542 3266 603 3325 lata
617 3282 674 3341 per
689 3282 763 3326 arva
777 3281 899 3340 greges.

188 3347 356 3423 Diffugiunt
370 3350 492 3422 hostes,
508 3349 733 3424 inhonestaque
747 3350 876 3409 volnera
889 3357 976 3426 tergo

227 3432 403 3507 Accipiunt:
430 3434 531 3494 Tusco
545 3434 693 3508 sanguine
708 3439 790 3492 terra
805 3432 903 3493 rubet
