2318 3960
408 234 447 309 V,
469 231 500 309 4,
520 232 638 312 lis-5,
654 235 707 298 41.

163 387 279 448 Forsan
295 385 326 444 in
341 392 476 446 extremo
492 385 630 460 coniugis
646 388 721 447 orbe
735 389 825 450 diem.

99 473 243 546 nLingua
258 471 366 529 lavans
381 468 466 543 assit,
488 475 661 529 nostrorum
676 472 771 532 oblita
785 476 942 549 malorum,

164 555 256 631 Quae,
281 559 364 628 puto,
386 551 534 614 dedidicit
547 552 607 612 iam
622 553 705 614 bona
717 555 813 615 verba
825 557 921 633 loqui.

124 641 271 714 Quaeque
283 636 380 696 semel
393 643 457 696 toto
473 636 568 696 vestis
584 636 656 696 mihi
672 639 799 699 sumitur
814 656 904 716 anno,

165 722 308 783 Sumatur
322 719 393 780 latis
409 719 545 781 discolor
560 720 630 780 alba
643 722 731 781 meis.

122 811 248 881 Araque
262 803 419 880 gramineo
433 803 542 863 viridis
557 804 597 862 de
613 805 729 881 cespite
743 806 804 882 flat,

80 905 113 955 10
164 890 202 950 Et
214 889 295 948 velet
308 887 431 963 tepidos
446 901 526 946 nexa
541 902 656 948 corona
671 889 769 950 locos.

121 976 168 1034 Da
182 972 254 1031 mihi
269 980 345 1045 tura,
367 986 453 1047 puer,
475 971 605 1045 pingues
620 973 763 1033 facientia
777 973 926 1051 flammas,

164 1056 314 1131 Quodque
328 1056 381 1130 pio
396 1056 498 1114 lusum
513 1054 622 1115 stridat
635 1055 664 1114 in
680 1057 759 1132 igne,
777 1074 902 1118 merum.
955 1089 958 1102 ›

123 1141 242 1216 Optime
256 1138 385 1199 Natalis!
409 1139 551 1212 quamvis
567 1140 674 1214 procul
690 1141 847 1214 absumus,
868 1150 941 1218 opto

163 1223 317 1284 Candidus
333 1222 393 1284 huo
409 1221 515 1282 venias
530 1223 750 1299 dissimilisque
763 1241 842 1286 meo.

80 1321 112 1372 15
125 1308 157 1369 Si
173 1308 258 1384 quod
274 1314 304 1369 et
317 1305 449 1367 instabat
463 1305 606 1366 dominae
621 1308 794 1368 miserabile
808 1308 927 1383 vulnuS,

163 1391 207 1452 Sit
222 1392 383 1467 perfuncta
396 1391 472 1450 meis
487 1398 607 1465 tempus
622 1391 653 1450 in
668 1387 758 1452 omne
772 1393 870 1452 malis.

122 1477 267 1551 Quaeque
281 1476 367 1550 gravi
381 1489 479 1551 nuper
493 1475 563 1550 plus
580 1490 672 1549 quam
688 1483 834 1550 quassata
848 1477 984 1552 procella
999 1486 1054 1553 cst,

163 1559 251 1634 Quod
266 1565 418 1634 superest,
440 1564 536 1619 tutum
551 1574 702 1633 permane
717 1561 805 1621 navis
820 1569 877 1621 eat.

121 1645 175 1703 llla
190 1644 282 1704 domo
297 1651 431 1719 nataque
446 1659 503 1703 sua
517 1643 676 1719 patriaque
691 1644 822 1704 truature

77 1738 114 1789 20
164 1728 277 1802 Erepta
291 1727 368 1788 haec
382 1727 435 1790 uni
450 1727 490 1787 sit
505 1728 579 1787 satis
595 1742 667 1787 esse
681 1727 761 1786 mihi.

122 1812 275 1886 Quatenus
291 1818 321 1871 et
334 1826 396 1872 non
411 1819 459 1871 est
472 1812 503 1870 in
518 1827 590 1871 earo
606 1811 736 1887 coniuge
751 1813 832 1887 felix,

160 1895 234 1955 Pars
248 1896 331 1955 vitae
345 1895 420 1955 tristi
436 1903 538 1955 cetera
552 1894 633 1955 nube
646 1904 746 1955 vacet.

121 1979 221 2055 Vivat,
243 1984 386 2054 ametque
399 1979 507 2053 virum,
529 1978 672 2053 quoniam
687 1979 732 2038 sic
748 1979 873 2054 cogitur,
893 1979 1016 2054 absens,

162 2063 390 2137 consumatque
405 2079 514 2137 annos,
537 2063 594 2123 sed
609 2063 759 2134 diuturna,
783 2078 869 2123 suos.
944 2082 950 2087 ·

76 2155 112 2207 25
124 2146 297 2222 Adicerem,
319 2154 349 2208 et
362 2154 497 2207 nostros.
528 2146 639 2206 sedne
654 2146 795 2221 contagia
811 2147 864 2206 lati

162 2231 362 2306 Cornumpant
375 2230 476 2305 timeo,
500 2246 579 2306 quos
596 2230 657 2305 agit
670 2230 747 2307 ipsa,
771 2230 840 2289 mei.

119 2314 165 2372 Nil
180 2313 293 2373 homini
309 2322 424 2374 certum
439 2322 494 2374 est.
524 2313 602 2373 Fieri
620 2314 688 2388 quis
703 2329 800 2389 posse
815 2322 941 2388 putaret,

161 2397 201 2457 Ut
215 2398 347 2457 lacerem
361 2399 391 2457 in
406 2399 515 2459 mediis
529 2399 607 2458 baec
622 2413 679 2474 ego
696 2412 784 2458 sacra
797 2398 903 2458 Getist

119 2481 243 2555 Aspice,
265 2488 298 2542 ut
312 2497 387 2542 aura
400 2490 501 2542 tamen
516 2484 615 2543 lunius
631 2497 649 2543 e
663 2489 729 2541 ture
744 2489 869 2542 coortos

73 2573 111 2626 30
164 2565 197 2623 ln
211 2573 315 2640 partes
331 2563 422 2626 italas
438 2574 467 2626 et
481 2567 551 2626 loca
565 2566 673 2625 dextra
687 2566 772 2625 serat.

120 2647 237 2708 Sensus
252 2649 332 2710 inest
346 2650 435 2724 igitur
450 2649 585 2722 nebulis,
610 2664 686 2722 quas
701 2650 795 2724 exigit
809 2649 902 2724 ignis:

161 2732 294 2793 Consilio
310 2734 427 2809 lugiunt
440 2733 573 2808 aethera,
595 2729 814 2805 Ponte‚'tuum.

120 2816 265 2890 Consilio,
289 2833 450 2879 commune
466 2833 588 2877 sacrum
603 2832 671 2876 cum
685 2817 737 2875 liat
751 2816 782 2875 in
798 2832 852 2876 ara

160 2900 324 2973 Fratribus,
348 2903 464 2962 alterna
481 2901 532 2975 qui
548 2900 667 2977 periere
681 2916 780 2973 manu,

73 2985 194 3059 351psa
209 2985 266 3044 sibi
282 2986 417 3059 discors,
439 2993 594 3059 tamquam
608 2984 767 3043 mandetur
780 2982 819 3042 ab
834 2983 903 3056 illis,

160 3066 316 3129 Scinditur
330 3069 359 3128 in
375 3076 478 3144 partes
495 3075 560 3128 atra
576 3067 678 3126 lavilla
693 3067 781 3126 duas.
805 3102 807 3106 »

118 3152 194 3224 Hoc,
216 3152 352 3226 memini,
376 3153 532 3227 quondam
546 3151 611 3210 lieri
626 3166 688 3209 non
704 3165 801 3224 posse
814 3150 972 3225 loquebar,

159 3235 197 3295 Et
211 3252 259 3295 me
273 3236 429 3297 Battiades
444 3235 545 3296 indice
560 3235 656 3293 laisus
673 3239 751 3294 erat:

121 3319 227 3379 Omnia
242 3335 323 3380 nunc
339 3321 442 3393 credo,
471 3334 540 3379 cum
556 3325 589 3377 tu
604 3333 664 3377 non
681 3318 790 3378 stultus
806 3318 844 3377 ab
860 3320 953 3378 Arcto

75 3411 112 3460 so
163 3402 260 3477 Terga
275 3420 374 3480 vapor
389 3402 512 3463 dederis
527 3401 759 3477 Ausoniamque
773 3408 871 3476 petas.

118 3486 202 3546 llaec
219 3487 308 3562 igitur
322 3489 374 3548 lux
390 3494 446 3561 est,
470 3501 550 3560 quae
565 3485 591 3547 si
606 3501 668 3546 non
685 3495 750 3547 orta
765 3485 882 3606 luisset,
