2318 3960
115 216 175 286 lto
506 217 566 279 EX
585 216 757 278 Ponto.

147 383 183 436 to
238 372 356 445 l’,erlra
372 386 430 432 nec
447 370 550 432 officio
572 369 685 430 crimen
701 369 805 432 inesse
819 379 921 447 putes

140 457 233 517 -Et
247 458 324 516 levis
339 455 416 515 haec
430 454 543 514 meritis
558 467 592 511 rc
595 454 707 512 leretur
721 454 818 530 gratia
831 454 934 515 tantis.

140 573 182 584 —
239 539 272 601 Si
286 540 401 612 minus,
416 538 479 598 invi
480 544 511 598 ιο
525 544 555 596 te
570 551 694 612 quoque
709 544 812 612 gratus
828 552 891 598 ero.

197 625 367 698 Numquam
382 622 470 697 pigra
485 620 540 679 luit
553 620 667 680 nostris
682 626 734 680 tua
748 621 845 696 gratia
857 620 962 697 rebus,

239 708 302 767 Nec
316 706 387 765 mihi
401 704 561 764 munificas
576 719 647 763 arca
660 705 783 779 negavit
798 719 886 779 opes
1140 466 1152 759 ἱ

147 799 181 852 25
195 791 281 852 Nunc
296 804 420 864 quoque
435 788 476 847 nil
492 786 599 848 subitis
615 788 773 848 clementia
787 789 891 849 territa
905 789 976 850 fatis
1147 792 1155 1015 Ι

239 874 395 934 Auxilium
409 872 489 932 vitae
504 871 624 945 fertque
638 871 775 946 feretque
789 887 886 932 meae

197 958 300 1031 Unde,
316 971 408 1031 roges
424 957 543 1028 f,0rsan
560 955 672 1015 fiducia
685 961 749 1016 tent
737 962 769 1016 ta
783 955 873 1016 lutari

240 1040 286 1101 Sit
300 1041 393 1100 mihil
422 1039 506 1116 quod
519 1039 604 1113 lecit,
621 1040 753 1114 quisque
766 1045 867 1100 tuetur
882 1055 974 1115 opus.

196 1127 235 1187 Ut
248 1127 355 1185 Venus
371 1123 495 1184 artificis
511 1122 599 1184 labor
617 1128 665 1182 est
679 1129 709 1183 ct
722 1124 821 1198 gloria
835 1123 898 1196 Coi,

146 1209 181 1263 to
236 1210 401 1283 Aequoreo
416 1207 558 1267 madidas
575 1222 653 1281 quae
670 1208 781 1281 premit
795 1206 890 1267 imbre
906 1221 1030 1268 camasi

194 1293 285 1352 Arois
299 1299 332 1352 ut
344 1293 480 1353 Actaeae
495 1291 543 1350 vel
559 1289 675 1351 eburna
688 1292 738 1351 vel
753 1307 848 1352 aenea
864 1297 971 1353 custos

236 1375 351 1436 Bellica
364 1376 508 1435 Phidiaca
523 1380 583 1435 stat
599 1376 657 1433 dea
674 1374 753 1435 lacta
769 1391 876 1436 manu.

194 1459 339 1521 Vindicat
352 1467 385 1519 ut
400 1458 529 1520 Calamis
544 1458 682 1531 laudem,
700 1475 779 1533 quos
795 1459 879 1534 lecit,
896 1472 1065 1534 equoruma

237 1543 276 1602 Ut
291 1542 397 1602 similis
412 1557 506 1602 verae
522 1557 618 1602 vacca
631 1541 770 1616 Myronis
786 1558 882 1618 opusc

145 1632 179 1688 35
194 1625 245 1686 Sic
259 1641 318 1700 ego
334 1641 406 1700 pars
420 1641 521 1685 rerum
536 1641 597 1684 non
613 1625 732 1703 tritium,
749 1625 857 1700 Sexte,
871 1631 994 1687 tuarum

237 1709 423 1784 Tutelaeque
437 1710 519 1768 ferar
533 1724 643 1769 munus
660 1724 803 1785 opusque
816 1715 897 1770 tuae.

517 1845 611 1853 -----
621 1846 720 1853 .--..-...

142 1894 183 1984 2.
237 1925 432 1988 srvmto.

200 2009 294 2114 Quod
308 2045 400 2118 legis,
418 2059 436 2103 o
452 2049 538 2103 vates
554 2057 732 2118 magnorum
747 2044 879 2104 maxime
892 2059 1009 2122 regum,

231 2129 323 2188 Venit
337 2127 375 2187 ab
390 2127 520 2188 intonsis
534 2141 650 2202 usquc,
665 2124 796 2203 Severe,
812 2127 912 2189 Getis:

193 2212 282 2272 Cuius
299 2210 399 2270 adhuc
413 2224 524 2271 nomen
539 2217 663 2272 nostros
678 2211 813 2272 tacuisse
827 2211 958 2288 libellos,

236 2295 269 2356 Si
284 2294 377 2355 modo
395 2294 542 2368 permittis
557 2294 661 2354 dicere
674 2307 762 2391 vera,
779 2295 882 2370 pudet.

163 2387 180 2439 s
196 2378 277 2441 Orba
292 2384 393 2438 tamen
408 2378 542 2437 numeris
557 2378 691 2438 cessavit
709 2378 789 2454 epist
777 2380 840 2440 tola
855 2394 1022 2455 numquam
1153 2418 1155 2481 t

234 2464 283 2521 lre
297 2476 353 2537 per
366 2462 499 2521 alternas
514 2461 656 2522 officiosa
669 2461 765 2522 vices.

195 2545 334 2606 Carmina
349 2545 416 2605 sola
430 2544 483 2604 tibi
497 2559 662 2605 memorem
677 2547 819 2607 testantia
833 2562 937 2606 curam

233 2630 300 2690 Non
315 2629 386 2689 data
402 2635 480 2688 suut.
509 2629 582 2705 quid
598 2629 692 2703 enim,
710 2645 790 2704 quae
804 2630 881 2691 lacis
898 2631 983 2707 ipse,
998 2628 1121 2692 dareml
1151 2677 1155 2696 ,

195 2714 267 2787 Quis
282 2714 340 2772 mel
356 2713 515 2787 Aristaeo,
533 2713 601 2788 quis
614 2711 737 2773 Baccho
754 2714 826 2775 vina
839 2713 979 2789 Falerno,

149 2801 179 2856 to
233 2797 417 2872 Triptolemo
433 2797 551 2871 nages,
569 2811 661 2870 poma
676 2797 728 2858 det
741 2797 898 2860 Alcinoo?

192 2881 303 2943 Fertile
318 2886 426 2954 pectus
443 2880 555 2952 habes,
572 2880 712 2956 interque
725 2881 874 2943 Helicone
888 2882 1026 2943 colentes

233 2965 365 3025 Uberius
380 2964 453 3024 nulli
469 2964 611 3040 provenit
625 2964 684 3024 ista
699 2981 800 3039 seges.

192 3049 309 3110 Mittere
325 3062 445 3108 carmen
461 3048 610 3122 adhunc,
625 3049 750 3109 frondes
766 3055 832 3110 erat
845 3047 962 3110 addere
975 3047 1075 3111 silvis.

231 3133 314 3192 Haec
328 3132 401 3191 mihi
416 3131 577 3192 cunctandi
592 3147 700 3205 causa,
717 3131 847 3207 Severe,
863 3132 928 3195 luit„

144 3224 176 3280 15
190 3215 252 3276 Nec
266 3222 365 3275 tamen
381 3216 533 3291 ingenium
548 3216 637 3276 nobis
652 3217 835 3294 respondet,
851 3223 885 3279 ut
898 3223 979 3295 ante,

233 3298 296 3361 Sed
309 3300 426 3359 siccum
443 3300 536 3360 sterili
555 3313 680 3360 vomere
694 3299 766 3362 litus
781 3317 846 3362 ara.

192 3381 313 3444 Scilicet
325 3389 359 3443 ut
377 3383 574 3445 limus'venas
590 3391 736 3444 excaecat
750 3383 780 3444 in
794 3385 897 3460 undis,

229 3467 390 3542 Laesaque
405 3467 574 3544 subpresso
589 3469 673 3530 tonte
689 3467 804 3532 resistit
817 3485 914 3547 oque:
