2318 3960
392 197 448 274 tlt,
470 201 504 273 6,
527 199 648 277 27-8,
668 203 698 265 8.

162 354 234 426 Aut,
250 352 302 412 ubi
318 368 469 426 cesseras,
485 368 580 415 causa
594 354 714 416 ruboris
730 371 822 416 cram.

119 435 261 496 Forsitan
276 436 427 510 exemplo,
446 435 517 510 quia
531 451 580 495 me
594 439 712 498 laesere
727 439 828 513 libelli,

161 520 206 580 Tu
221 535 346 598 quoque
363 518 405 578 sis
421 534 542 594 poenae
557 519 638 580 lacta
652 522 740 581 ruina
754 538 850 585 meae.
1010 556 1047 568 s

120 603 212 676 Pone,
226 602 344 677 Parilia,
361 609 481 662 metum.
504 606 713 665 tantummodo
729 606 841 665 lemine
855 623 916 667 non
932 607 972 667 sit

69 693 103 747 ³0
158 687 261 762 Devia,
277 701 334 746 nec
349 686 472 761 scriptis
489 687 588 746 discat
601 703 703 749 amare
717 688 787 749 tuis.

118 770 200 845 Ergo
216 769 354 830 desidiae
369 785 502 843 remove,
518 771 707 845 doctissima,
725 788 846 847 causas,

159 853 257 930 Inque
271 854 370 913 bonas
386 861 467 914 artes
482 861 512 912 et
526 861 578 921 tua
593 871 682 915 sacra
696 857 771 915 redi,
854 924 856 929 .

120 938 182 997 lsta
197 937 311 997 decens
327 937 423 998 iacies
439 937 538 1012 longis
555 938 708 999 vitiabitur
724 941 821 1013 annis,

160 1022 311 1097 Rugaque
325 1021 355 1080 in
371 1020 496 1096 antiqua
510 1020 610 1082 ironte
624 1023 730 1083 senilis
746 1024 817 1082 erit:

66 1113 102 1166 35
116 1105 284 1180 Inicietque
299 1120 421 1166 manum
437 1105 553 1164 formae
568 1106 718 1166 damnosa
734 1113 886 1181 senectus,

160 1187 245 1262 Quae
263 1189 422 1264 strepitum
436 1203 534 1263 passu
550 1205 611 1249 non
628 1189 758 1250 iaciente
776 1192 867 1249 venit.

119 1272 255 1348 Cumque
270 1271 380 1347 aliquis
396 1273 477 1333 dicet
491 1272 571 1333 ‘Fuit
584 1272 662 1332 haec
679 1273 836 1346 lorinosa',
852 1272 980 1342 dolebis

157 1356 195 1414 Et
210 1356 371 1431 speculum
386 1355 519 1421 mendax
535 1371 607 1415 esse
623 1371 752 1430 querere
767 1358 861 1417 tuum.

119 1438 197 1499 Sunt
213 1439 265 1498 tibi
281 1455 358 1514 opes
373 1439 522 1514 modicae,
540 1455 609 1503 cum
625 1439 669 1499 sis
687 1440 867 1515 dignissima
881 1439 1016 1515 magnis:

63 1531 100 1585 40
151 1523 247 1598 Finge
264 1524 321 1583 sed
336 1523 483 1583 inmensis
502 1523 646 1583 censibus
663 1539 734 1583 esse
749 1540 850 1599 pares,

117 1606 233 1682 Nempe
247 1607 300 1667 dat
316 1606 348 1667 id
364 1607 545 1680 cuicumque
559 1605 632 1666 libet
648 1607 771 1668 lortuna
783 1608 934 1683 rapitque,

156 1690 223 1750 Irus
240 1697 269 1750 et
286 1698 335 1751 est
351 1690 462 1764 subito,
480 1691 532 1764 qui
548 1690 641 1750 modo
658 1690 792 1753 Croesus
810 1698 884 1752 erat.

118 1772 245 1848 Singula
260 1774 334 1849 quid
350 1775 503 1844 referam?
524 1773 564 1831 nil
579 1789 641 1834 non
657 1779 784 1836 mortale
799 1784 937 1837 tenemus

158 1857 295 1918 Pectoris
311 1857 450 1932 exceptis
465 1856 641 1933 ingeniique
656 1858 755 1919 bonis,

65 1955 100 2007 45
114 1940 161 2000 En
178 1956 245 2016 ego,
262 1957 331 2002 cum
347 1941 445 2015 patria
460 1955 581 2000 caream
595 1941 748 2016 vobisque
765 1943 928 2014 domoque,

156 2026 319 2102 Raptaque
335 2025 403 2099 sint
420 2021 512 2082 adimi
527 2038 605 2098 quae
621 2033 751 2098 potuere
767 2024 847 2097 mihi,

116 2109 241 2183 ingenio
258 2115 358 2170 tamen
373 2109 440 2182 ipse
454 2123 522 2166 meo
540 2107 731 2183 comitorque
746 2109 907 2182 fruorque:

159 2191 272 2252 Caesar
286 2192 317 2250 in
332 2192 392 2252 hoc
406 2191 505 2268 potuit
519 2190 594 2250 iuris
612 2190 727 2251 habere
742 2193 824 2252 nihil.

117 2273 247 2348 Quilibet
262 2275 343 2335 hanc
359 2289 454 2335 saevo
470 2274 562 2333 vitam
577 2273 649 2334 mihi
667 2275 850 2349 immense,

62 2373 97 2427 50
152 2358 202 2418 Me
216 2365 317 2420 tamen
335 2359 468 2420 extincto
485 2359 566 2417 lama
580 2365 740 2432 superstes
757 2360 821 2433 erit,

117 2442 259 2518 Dumque
277 2442 342 2503 suls
358 2447 478 2519 septem
493 2441 602 2500 victrix
619 2441 657 2500 de
673 2442 827 2503 montibus
844 2443 949 2503 orbem

157 2525 328 2603 Prospiciat
343 2526 488 2587 domitum
502 2523 611 2584 Martia
625 2525 730 2599 Roma,
748 2528 841 2600 legar.

116 2611 160 2669 lu
176 2625 309 2685 quoque,
326 2626 418 2686 quam
434 2607 526 2667 studii
543 2617 664 2668 maneat
679 2611 795 2670 lelicior
811 2625 897 2683 usus,

156 2692 267 2768 Effuge
281 2700 439 2775 venturoS,
456 2708 517 2766 qua
532 2696 632 2767 potes,
645 2708 745 2768 usque
759 2701 870 2767 regest

48 2824 93 2920 8·
113 2822 205 2920 Nunc
221 2876 280 2937 ego
296 2860 472 2936 Triptolemi
488 2879 634 2941 cuperem
650 2861 859 2922 conscendere
875 2872 993 2926 currus.

150 2943 233 3005 Misit
246 2945 277 3003 in
292 2945 427 3018 ignotam
442 2946 494 3021 qui
509 2947 587 3007 rude
603 2960 708 3006 semen
723 2944 857 3004 humum.

114 3027 200 3087 Nunc
215 3043 273 3102 ego
288 3028 417 3088 Medeae
434 3030 542 3089 vellem
558 3030 679 3089 tranare
695 3028 856 3098 dracones,

156 3111 238 3186 Quos
254 3110 360 3171 habuit
377 3112 497 3186 lugiens
512 3128 592 3186 arce,
608 3110 758 3183 Corintho,
773 3117 833 3170 tua.

77 3204 94 3255 5
110 3194 196 3257 Nunc
211 3210 270 3270 ego
285 3195 444 3255 iactandas
464 3204 602 3272 optarem
618 3209 740 3255 sumere
754 3207 884 3270 pennos.

157 3274 231 3339 Sive
246 3284 324 3353 tuas,
338 3277 464 3353 Persen,
481 3279 624 3353 Daedale,
643 3278 710 3338 sive
726 3284 809 3338 tuas=

112 3358 154 3424 'th
167 3366 274 3422 tenera
287 3361 401 3423 nostris
418 3363 546 3425 cedente
560 3361 713 3424 volatibus
729 3374 807 3427 aum

155 3447 338 3521 Aspicerem
353 3445 470 3522 patriae
487 3447 577 3509 dulce
590 3452 718 3525 repente
732 3445 844 3517 solum,
