2318 3960
372 247 414 322 ll,
437 246 473 322 5,
497 247 617 322 att-6,
640 245 691 308 22.
985 247 1048 312 lta

151 401 340 479 ingenioque
354 400 456 473 laves,
472 398 648 474 ingeniose,
665 415 744 460 meo.

58 501 96 556 65
110 489 211 550 Distat
224 502 305 562 opus
321 491 475 560 nostrum,
490 483 548 544 sed
563 482 698 543 lontibus
716 485 779 544 exit
792 483 832 543 ab
846 484 960 545 isdem:

156 570 238 631 Artis
253 575 284 629 et
297 569 449 643 ingenuae
464 567 562 629 cultor
576 575 706 643 uterque
721 583 839 629 sumus.

52 693 97 704 -
111 657 251 734 Thyrsus
267 653 348 712 enim
362 650 469 726 vobis,
483 657 603 726 gestata
617 657 665 711 est
678 652 783 713 laurea
796 651 905 712 nobis:

50 775 98 787 —
155 739 219 800 Sed
232 744 334 796 tamen
346 733 499 796 ambobus
514 735 607 796 debet
625 735 730 795 inesse
745 736 840 796 calor.

112 826 213 898 thue
228 821 305 880 meis
319 819 453 881 numeris
468 826 520 880 tua
534 819 588 880 dat
602 818 744 880 facundia
758 835 881 894 nervos,

61 921 99 980 70
152 906 205 967 Sic
220 904 304 965 venit
317 920 337 963 a
352 903 441 964 nobis
456 903 487 962 in
502 910 554 963 tua
569 903 663 964 verba
676 904 765 964 nitor.

113 993 182 1052 lure
197 988 291 1065 igitur
301 988 404 1048 studio
416 987 549 1048 confinia
564 987 698 1047 carmina
711 994 816 1048 vestro

148 1075 188 1135 lm
202 1071 368 1133 commilitii
381 1087 471 1142 sacra
483 1072 599 1132 tuenda
614 1077 714 1146 putas.

112 1159 170 1219 Pro
187 1157 299 1233 quibus
314 1162 347 1217 ut
361 1163 497 1231 maneat,
513 1156 553 1215 de
569 1171 629 1230 quo
645 1155 798 1229 censeris,
816 1155 942 1230 amicus,

154 1241 341 1316 Compreeor
355 1239 396 1300 ad
410 1240 490 1300 vitae
504 1246 644 1315 tempora
657 1255 777 1304 summa
791 1246 870 1314 tuae,

60 1334 96 1389 75
112 1324 327 1399 succedatque
341 1324 400 1384 tuis
417 1323 501 1384 orbis
517 1323 693 1384 moderator
706 1322 852 1382 habenis=

154 1407 242 1483 Quod
256 1423 375 1468 mecum
389 1408 497 1484 populi
513 1413 584 1467 vota
598 1415 762 1484 precantur
775 1406 865 1467 idem.

437 1547 640 1557 ψα-

56 1593 99 1686 6.
152 1627 402 1690 ouancmo.

115 1710 262 1805 Carmine
278 1745 474 1816 Graecinum,
493 1745 546 1821 qui
560 1761 709 1822 praesens
724 1761 804 1808 voce
819 1746 946 1820 solebat,

150 1829 257 1890 Tristis
273 1829 311 1888 ab
326 1828 456 1890 Euxinis
470 1829 553 1890 Naso
569 1830 681 1890 salutat
695 1829 795 1907 aquis.

110 1913 220 1974 Exulis
234 1913 313 1974 haee
328 1930 391 1974 vox
405 1921 462 1975 est.
491 1913 619 1989 praebet
633 1913 706 1973 mihi
720 1913 818 1974 littera
832 1913 978 1989 linguam,

149 1997 229 2058 Etsi
245 2013 306 2058 non
320 1997 411 2058 liceat
426 1997 576 2072 scribere,
592 2003 692 2057 mutus
707 2005 770 2057 cro.

84 2093 101 2143 a
118 2080 267 2158 Corripis,
283 2087 316 2143 ut
330 2081 442 2156 debes,
459 2081 542 2142 stulti
555 2081 825 2156 peccatasodalis,

154 2165 193 2225 Et
206 2166 287 2225 mala
300 2180 350 2225 me
364 2165 481 2249 meritis
496 2165 575 2225 terre
589 2165 708 2225 minora
722 2165 829 2227 doces.

113 2249 197 2309 Vera
211 2249 303 2323 lacis,
321 2250 378 2310 sed
393 2246 478 2322 sera',
494 2264 584 2310 meae
599 2249 740 2310 convicia
759 2249 880 2325 culpae.

152 2335 276 2409 Aspera
290 2334 435 2394 conlesso
451 2332 547 2393 verba
561 2333 679 2395 remitte
692 2349 756 2393 reo.

114 2417 187 2477 Cum
201 2423 338 2493 poteram
353 2424 436 2478 recto
452 2417 581 2477 transire
597 2417 744 2478 Ceraunia
757 2417 838 2491 velo,

61 2507 99 2558 ιο
154 2501 194 2561 Ut
208 2501 273 2561 iera
286 2501 413 2562 vitarem
429 2516 521 2576 saxa,
536 2502 708 2563 monendus
724 2517 816 2561 eram.

114 2584 201 2644 Nunc
216 2585 288 2645 milri
303 2586 463 2660 naufragio
479 2584 552 2661 quid
567 2585 696 2661 prodest
710 2585 832 2646 discere
846 2584 937 2656 facto,

158 2668 222 2742 Qua
237 2684 306 2729 mea
320 2668 459 2729 debuerit
473 2683 595 2729 currere
611 2668 720 2731 cumba
734 2668 806 2727 viat

113 2751 245 2812 Brachia
265 2753 305 2813 da
319 2754 403 2814 lasso
418 2752 521 2827 potius
537 2752 718 2827 prendenda
731 2751 861 2812 natanti:

154 2835 217 2895 Nec
232 2837 335 2912 pigeat
349 2843 450 2896 mento
467 2837 673 2913 supposuisse
687 2851 820 2895 manum.

59 2934 96 2983 1a
111 2919 210 2994 idque
225 2920 312 2980 lacis.
348 2921 506 2997 faciasque
520 2936 641 2996 precor.
670 2920 716 2980 sic
730 2923 826 2978 mater
841 2924 871 2977 et
884 2933 972 2992 uxor,

156 3001 208 3063 Sic
222 3002 277 3064 tibi
291 3004 353 3064 sint
366 3004 475 3064 iratres
490 3010 617 3080 totaque
632 3005 720 3064 salva
735 3004 862 3063 domus:

116 3087 266 3162 Quodque
281 3090 365 3149 soles
380 3089 481 3147 animo
497 3103 634 3163 semper,
650 3086 736 3163 quod
749 3100 829 3147 voce
843 3078 972 3161 preca‘ri,

157 3170 264 3232 Omnia
281 3171 463 3233 Caesaribus
479 3172 525 3231 sic
538 3178 591 3232 tua
605 3172 684 3231 iacta
700 3170 823 3246 probes.

121 3256 215 3329 turpe
230 3255 286 3316 erit
300 3255 330 3314 in
345 3255 465 3316 miseris
479 3255 574 3315 veteri
589 3254 642 3314 tibi
656 3248 750 3315 rebus
766 3252 864 3314 amico

61 3343 96 3396 aa
153 3338 309 3399 Auxilium
323 3339 406 3399 nulla
420 3345 506 3415 parte
520 3339 628 3400 tulisse
641 3345 740 3399 tuume

113 3421 214 3497 Turpe
228 3423 343 3482 reterre
359 3424 485 3498 pedem,
505 3438 562 3483 nec
577 3438 674 3498 passu
690 3427 771 3483 stare
790 3417 906 3483 tenacia

151 3506 253 3582 Turpe
267 3505 456 3568 laborantem
471 3507 648 3568 deseruisse
665 3513 776 3568 ratem:

67 3603 154 3647 ovtb.
174 3589 225 3649 ΙΙΙ.
804 3599 836 3652 to
