<?xml version="1.0" encoding="UTF-8"?>
<!DOCTYPE html PUBLIC "-//W3C//DTD XHTML 1.0 Transitional//EN"
    "http://www.w3.org/TR/xhtml1/DTD/xhtml1-transitional.dtd">
<html xmlns="http://www.w3.org/1999/xhtml" xml:lang="en" lang="en">
 <head>
  <title>
</title>
<meta http-equiv="Content-Type" content="text/html;charset=utf-8" />
  <meta name='ocr-system' content='tesseract 3.04.00' />
  <meta name='ocr-capabilities' content='ocr_page ocr_carea ocr_par ocr_line ocrx_word'/>
</head>
<body>
  <div class='ocr_page' id='page_1' title='image "./povidiusnasoexr00merkgoog_0269.png"; bbox 0 0 2318 3960; ppageno 0'>
   <div class='ocr_carea' id='block_1_1' title="bbox 99 205 736 274">
    <p class='ocr_par' dir='ltr' id='par_1_1' title="bbox 99 205 736 274">
     <span class='ocr_line' id='line_1_1' title="bbox 99 205 736 274; baseline -0.013 0"><span class='ocrx_word' id='word_1_1' title='bbox 99 211 159 274; x_wconf 76' lang='lat'>248</span> <span class='ocrx_word' id='word_1_2' title='bbox 482 205 736 268; x_wconf 83' lang='lat' dir='ltr'>FASTORUM</span> 
     </span>
    </p>
   </div>
   <div class='ocr_carea' id='block_1_2' title="bbox 116 359 1079 3525">
    <p class='ocr_par' dir='ltr' id='par_1_2' title="bbox 116 359 1079 3525">
     <span class='ocr_line' id='line_1_2' title="bbox 183 359 1022 435; baseline -0.008 -13"><span class='ocrx_word' id='word_1_3' title='bbox 183 361 246 422; x_wconf 89' lang='lat' dir='ltr'>Seu</span> <span class='ocrx_word' id='word_1_4' title='bbox 261 361 334 435; x_wconf 91' lang='lat' dir='ltr'>quia</span> <span class='ocrx_word' id='word_1_5' title='bbox 346 367 391 420; x_wconf 91' lang='lat' dir='ltr'>tot</span> <span class='ocrx_word' id='word_1_6' title='bbox 407 359 506 434; x_wconf 79' lang='lat' dir='ltr'>digiti,</span> <span class='ocrx_word' id='word_1_7' title='bbox 529 375 584 434; x_wconf 90' lang='lat' dir='ltr'>per</span> <span class='ocrx_word' id='word_1_8' title='bbox 600 374 679 433; x_wconf 90' lang='lat' dir='ltr'>quos</span> <span class='ocrx_word' id='word_1_9' title='bbox 694 375 854 419; x_wconf 88' lang='lat' dir='ltr'>numerare</span> <span class='ocrx_word' id='word_1_10' title='bbox 869 359 1022 421; x_wconf 73' lang='grc'>5010111051</span> 
     </span>
     <span class='ocr_line' id='line_1_3' title="bbox 226 442 899 518; baseline -0.007 -14"><span class='ocrx_word' id='word_1_11' title='bbox 226 443 287 504; x_wconf 89' lang='lat' dir='ltr'>Seu</span> <span class='ocrx_word' id='word_1_12' title='bbox 303 445 375 518; x_wconf 91' lang='lat' dir='ltr'>quia</span> <span class='ocrx_word' id='word_1_13' title='bbox 390 442 436 501; x_wconf 92' lang='lat' dir='ltr'>bis</span> <span class='ocrx_word' id='word_1_14' title='bbox 452 443 545 516; x_wconf 93' lang='lat' dir='ltr'>quino</span> <span class='ocrx_word' id='word_1_15' title='bbox 562 443 673 502; x_wconf 86' lang='lat' dir='ltr'>lemine</span> <span class='ocrx_word' id='word_1_16' title='bbox 686 458 792 503; x_wconf 91' lang='lat' dir='ltr'>mense</span> <span class='ocrx_word' id='word_1_17' title='bbox 806 443 899 518; x_wconf 82' lang='lat' dir='ltr'>parit:</span> 
     </span>
     <span class='ocr_line' id='line_1_4' title="bbox 121 525 1079 602; baseline -0.004 -12"><span class='ocrx_word' id='word_1_18' title='bbox 121 539 168 591; x_wconf 72' lang='grc'>105</span> <span class='ocrx_word' id='word_1_19' title='bbox 183 528 245 588; x_wconf 89' lang='lat' dir='ltr'>Seu</span> <span class='ocrx_word' id='word_1_20' title='bbox 261 528 345 602; x_wconf 90' lang='lat' dir='ltr'>quod</span> <span class='ocrx_word' id='word_1_21' title='bbox 360 527 500 600; x_wconf 88' lang='lat' dir='ltr'>adusque</span> <span class='ocrx_word' id='word_1_22' title='bbox 515 528 621 586; x_wconf 89' lang='lat' dir='ltr'>decem</span> <span class='ocrx_word' id='word_1_23' title='bbox 637 541 762 586; x_wconf 89' lang='lat' dir='ltr'>numero</span> <span class='ocrx_word' id='word_1_24' title='bbox 778 534 936 587; x_wconf 79' lang='lat' dir='ltr'>crescente</span> <span class='ocrx_word' id='word_1_25' title='bbox 950 525 1079 599; x_wconf 83' lang='lat' dir='ltr'>venitur,</span> 
     </span>
     <span class='ocr_line' id='line_1_5' title="bbox 221 608 870 685; baseline -0.005 -15"><span class='ocrx_word' id='word_1_26' title='bbox 221 611 406 685; x_wconf 90' lang='lat' dir='ltr'>Principium</span> <span class='ocrx_word' id='word_1_27' title='bbox 421 611 527 684; x_wconf 89' lang='lat' dir='ltr'>spatiis</span> <span class='ocrx_word' id='word_1_28' title='bbox 543 608 670 670; x_wconf 82' lang='lat' dir='ltr'>sumitur</span> <span class='ocrx_word' id='word_1_29' title='bbox 685 609 755 669; x_wconf 91' lang='lat' dir='ltr'>inde</span> <span class='ocrx_word' id='word_1_30' title='bbox 770 612 870 669; x_wconf 87' lang='lat' dir='ltr'>novis.</span> 
     </span>
     <span class='ocr_line' id='line_1_6' title="bbox 182 693 927 770; baseline 0 -18"><span class='ocrx_word' id='word_1_31' title='bbox 182 695 257 754; x_wconf 93' lang='lat' dir='ltr'>Inde</span> <span class='ocrx_word' id='word_1_32' title='bbox 271 701 375 770; x_wconf 87' lang='lat' dir='ltr'>patres</span> <span class='ocrx_word' id='word_1_33' title='bbox 391 701 512 753; x_wconf 86' lang='lat' dir='ltr'>centum</span> <span class='ocrx_word' id='word_1_34' title='bbox 531 695 628 754; x_wconf 90' lang='lat' dir='ltr'>denos</span> <span class='ocrx_word' id='word_1_35' title='bbox 643 693 774 753; x_wconf 90' lang='lat' dir='ltr'>secrevit</span> <span class='ocrx_word' id='word_1_36' title='bbox 788 693 819 752; x_wconf 91' lang='lat' dir='ltr'>in</span> <span class='ocrx_word' id='word_1_37' title='bbox 835 693 927 753; x_wconf 89' lang='lat' dir='ltr'>orbes</span> 
     </span>
     <span class='ocr_line' id='line_1_7' title="bbox 223 777 884 851; baseline -0.008 -14"><span class='ocrx_word' id='word_1_38' title='bbox 223 778 387 850; x_wconf 82' lang='lat' dir='ltr'><strong>Romulus,</strong></span> <span class='ocrx_word' id='word_1_39' title='bbox 403 777 542 838; x_wconf 88' lang='lat' dir='ltr'>hastatos</span> <span class='ocrx_word' id='word_1_40' title='bbox 556 777 746 851; x_wconf 84' lang='lat' dir='ltr'>instituitque</span> <span class='ocrx_word' id='word_1_41' title='bbox 762 778 884 837; x_wconf 77' lang='lat' dir='ltr'>decem=</span> 
     </span>
     <span class='ocr_line' id='line_1_8' title="bbox 182 859 958 936; baseline -0.001 -16"><span class='ocrx_word' id='word_1_42' title='bbox 182 861 220 920; x_wconf 85' lang='lat' dir='ltr'>Et</span> <span class='ocrx_word' id='word_1_43' title='bbox 234 861 358 920; x_wconf 89' lang='lat' dir='ltr'>totidem</span> <span class='ocrx_word' id='word_1_44' title='bbox 374 861 534 936; x_wconf 87' lang='lat' dir='ltr'>princeps,</span> <span class='ocrx_word' id='word_1_45' title='bbox 550 861 676 921; x_wconf 89' lang='lat' dir='ltr'>totidem</span> <span class='ocrx_word' id='word_1_46' title='bbox 690 860 811 935; x_wconf 90' lang='lat' dir='ltr'>pilanus</span> <span class='ocrx_word' id='word_1_47' title='bbox 825 859 958 920; x_wconf 87' lang='lat' dir='ltr'>habebat</span> 
     </span>
     <span class='ocr_line' id='line_1_9' title="bbox 122 944 909 1019; baseline -0.006 -13"><span class='ocrx_word' id='word_1_48' title='bbox 122 953 169 1006; x_wconf 79' lang='lat'>130</span> <span class='ocrx_word' id='word_1_49' title='bbox 224 944 369 1018; x_wconf 85' lang='lat' dir='ltr'>corpora,</span> <span class='ocrx_word' id='word_1_50' title='bbox 391 944 523 1019; x_wconf 84' lang='lat' dir='ltr'>legitimo</span> <span class='ocrx_word' id='word_1_51' title='bbox 541 944 654 1019; x_wconf 91' lang='lat' dir='ltr'>quique</span> <span class='ocrx_word' id='word_1_52' title='bbox 668 944 804 1003; x_wconf 87' lang='lat' dir='ltr'>merebat</span> <span class='ocrx_word' id='word_1_53' title='bbox 818 959 909 1018; x_wconf 92' lang='lat' dir='ltr'>equo.</span> 
     </span>
     <span class='ocr_line' id='line_1_10' title="bbox 184 1027 895 1103; baseline -0.001 -16"><span class='ocrx_word' id='word_1_54' title='bbox 184 1027 365 1101; x_wconf 80' lang='lat' dir='ltr'>Quinetiam</span> <span class='ocrx_word' id='word_1_55' title='bbox 381 1035 483 1103; x_wconf 89' lang='lat' dir='ltr'>partes</span> <span class='ocrx_word' id='word_1_56' title='bbox 499 1029 624 1087; x_wconf 89' lang='lat' dir='ltr'>tolidem</span> <span class='ocrx_word' id='word_1_57' title='bbox 638 1027 820 1088; x_wconf 89' lang='lat' dir='ltr'>Titiensibus</span> <span class='ocrx_word' id='word_1_58' title='bbox 836 1028 895 1099; x_wconf 89' lang='lat' dir='ltr'>ille,</span> 
     </span>
     <span class='ocr_line' id='line_1_11' title="bbox 224 1111 1018 1186; baseline 0 -14"><span class='ocrx_word' id='word_1_59' title='bbox 224 1112 370 1186; x_wconf 85' lang='lat' dir='ltr'>Quosque</span> <span class='ocrx_word' id='word_1_60' title='bbox 385 1118 498 1171; x_wconf 89' lang='lat' dir='ltr'>vocant</span> <span class='ocrx_word' id='word_1_61' title='bbox 511 1113 659 1184; x_wconf 84' lang='lat' dir='ltr'>Ramnes,</span> <span class='ocrx_word' id='word_1_62' title='bbox 679 1111 909 1185; x_wconf 84' lang='lat' dir='ltr'>Luceribusque</span> <span class='ocrx_word' id='word_1_63' title='bbox 924 1112 1018 1174; x_wconf 88' lang='lat' dir='ltr'>dedit.</span> 
     </span>
     <span class='ocr_line' id='line_1_12' title="bbox 183 1195 904 1269; baseline 0.004 -16"><span class='ocrx_word' id='word_1_64' title='bbox 183 1195 339 1255; x_wconf 81' lang='lat' dir='ltr'>Adsuetas</span> <span class='ocrx_word' id='word_1_65' title='bbox 354 1195 444 1269; x_wconf 83' lang='lat' dir='ltr'>igitur</span> <span class='ocrx_word' id='word_1_66' title='bbox 456 1210 600 1255; x_wconf 90' lang='lat' dir='ltr'>numeros</span> <span class='ocrx_word' id='word_1_67' title='bbox 615 1196 748 1255; x_wconf 88' lang='lat' dir='ltr'>servavit</span> <span class='ocrx_word' id='word_1_68' title='bbox 762 1195 792 1254; x_wconf 94' lang='lat' dir='ltr'>in</span> <span class='ocrx_word' id='word_1_69' title='bbox 814 1210 904 1256; x_wconf 86' lang='lat' dir='ltr'>anno.</span> 
     </span>
     <span class='ocr_line' id='line_1_13' title="bbox 223 1278 877 1353; baseline -0.002 -16"><span class='ocrx_word' id='word_1_70' title='bbox 223 1278 289 1337; x_wconf 91' lang='lat' dir='ltr'>Hoc</span> <span class='ocrx_word' id='word_1_71' title='bbox 302 1279 386 1353; x_wconf 84' lang='lat' dir='ltr'>luget</span> <span class='ocrx_word' id='word_1_72' title='bbox 399 1279 499 1353; x_wconf 89' lang='lat' dir='ltr'>spatio</span> <span class='ocrx_word' id='word_1_73' title='bbox 516 1279 627 1337; x_wconf 83' lang='lat' dir='ltr'>lamina</span> <span class='ocrx_word' id='word_1_74' title='bbox 640 1285 757 1339; x_wconf 89' lang='lat' dir='ltr'>maesta</span> <span class='ocrx_word' id='word_1_75' title='bbox 772 1279 877 1338; x_wconf 90' lang='lat' dir='ltr'>virum.</span> 
     </span>
     <span class='ocr_line' id='line_1_14' title="bbox 118 1361 1006 1436; baseline -0.001 -13"><span class='ocrx_word' id='word_1_76' title='bbox 118 1361 244 1423; x_wconf 81' lang='grc'>13511011</span> <span class='ocrx_word' id='word_1_77' title='bbox 259 1362 396 1436; x_wconf 91' lang='lat' dir='ltr'>dubites,</span> <span class='ocrx_word' id='word_1_78' title='bbox 419 1362 534 1435; x_wconf 85' lang='lat' dir='ltr'>primae</span> <span class='ocrx_word' id='word_1_79' title='bbox 548 1362 660 1422; x_wconf 84' lang='lat' dir='ltr'>fuerint</span> <span class='ocrx_word' id='word_1_80' title='bbox 675 1363 747 1435; x_wconf 90' lang='lat' dir='ltr'>quin</span> <span class='ocrx_word' id='word_1_81' title='bbox 763 1368 833 1422; x_wconf 85' lang='lat' dir='ltr'>ante</span> <span class='ocrx_word' id='word_1_82' title='bbox 845 1361 1006 1423; x_wconf 83' lang='lat' dir='ltr'>Kalendae</span> 
     </span>
     <span class='ocr_line' id='line_1_15' title="bbox 225 1445 993 1521; baseline 0 -17"><span class='ocrx_word' id='word_1_83' title='bbox 225 1445 346 1515; x_wconf 88' lang='lat' dir='ltr'>Martis,</span> <span class='ocrx_word' id='word_1_84' title='bbox 363 1445 401 1504; x_wconf 87' lang='lat' dir='ltr'>ad</span> <span class='ocrx_word' id='word_1_85' title='bbox 417 1445 494 1504; x_wconf 89' lang='lat' dir='ltr'>haec</span> <span class='ocrx_word' id='word_1_86' title='bbox 508 1447 640 1505; x_wconf 85' lang='lat' dir='ltr'>animum</span> <span class='ocrx_word' id='word_1_87' title='bbox 654 1445 741 1520; x_wconf 83' lang='lat' dir='ltr'>signa</span> <span class='ocrx_word' id='word_1_88' title='bbox 755 1446 870 1505; x_wconf 81' lang='lat' dir='ltr'>reterre</span> <span class='ocrx_word' id='word_1_89' title='bbox 891 1452 993 1521; x_wconf 82' lang='lat' dir='ltr'>potes.</span> 
     </span>
     <span class='ocr_line' id='line_1_16' title="bbox 183 1527 904 1605; baseline 0.004 -18"><span class='ocrx_word' id='word_1_90' title='bbox 183 1528 303 1588; x_wconf 87' lang='lat' dir='ltr'>Laurea</span> <span class='ocrx_word' id='word_1_91' title='bbox 316 1527 490 1588; x_wconf 84' lang='lat' dir='ltr'>flaminibus</span> <span class='ocrx_word' id='word_1_92' title='bbox 505 1545 585 1603; x_wconf 90' lang='lat' dir='ltr'>quae</span> <span class='ocrx_word' id='word_1_93' title='bbox 601 1535 664 1588; x_wconf 91' lang='lat' dir='ltr'>toto</span> <span class='ocrx_word' id='word_1_94' title='bbox 679 1529 809 1605; x_wconf 89' lang='lat' dir='ltr'>perstitit</span> <span class='ocrx_word' id='word_1_95' title='bbox 823 1545 904 1590; x_wconf 88' lang='lat' dir='ltr'>anuo</span> 
     </span>
     <span class='ocr_line' id='line_1_17' title="bbox 223 1612 936 1685; baseline 0.001 -16"><span class='ocrx_word' id='word_1_96' title='bbox 223 1612 362 1685; x_wconf 71' lang='lat' dir='ltr'>tollitur,</span> <span class='ocrx_word' id='word_1_97' title='bbox 378 1620 408 1671; x_wconf 88' lang='lat' dir='ltr'>et</span> <span class='ocrx_word' id='word_1_98' title='bbox 423 1612 548 1672; x_wconf 78' lang='lat' dir='ltr'>frondes</span> <span class='ocrx_word' id='word_1_99' title='bbox 564 1619 634 1672; x_wconf 87' lang='lat' dir='ltr'>sunt</span> <span class='ocrx_word' id='word_1_100' title='bbox 648 1613 679 1671; x_wconf 93' lang='lat' dir='ltr'>in</span> <span class='ocrx_word' id='word_1_101' title='bbox 693 1614 811 1675; x_wconf 89' lang='lat' dir='ltr'>honore</span> <span class='ocrx_word' id='word_1_102' title='bbox 826 1627 936 1673; x_wconf 87' lang='lat' dir='ltr'>novae.</span> 
     </span>
     <span class='ocr_line' id='line_1_18' title="bbox 184 1694 935 1770; baseline 0 -18"><span class='ocrx_word' id='word_1_103' title='bbox 184 1695 278 1753; x_wconf 89' lang='lat' dir='ltr'>lanua</span> <span class='ocrx_word' id='word_1_104' title='bbox 291 1703 362 1755; x_wconf 93' lang='lat' dir='ltr'>tunc</span> <span class='ocrx_word' id='word_1_105' title='bbox 376 1694 458 1769; x_wconf 82' lang='lat' dir='ltr'>regis</span> <span class='ocrx_word' id='word_1_106' title='bbox 474 1695 577 1770; x_wconf 88' lang='lat' dir='ltr'>posita</span> <span class='ocrx_word' id='word_1_107' title='bbox 589 1695 667 1754; x_wconf 87' lang='lat' dir='ltr'>viret</span> <span class='ocrx_word' id='word_1_108' title='bbox 681 1696 790 1755; x_wconf 88' lang='lat' dir='ltr'>arbore</span> <span class='ocrx_word' id='word_1_109' title='bbox 803 1694 935 1756; x_wconf 83' lang='lat' dir='ltr'>Phoebi:</span> 
     </span>
     <span class='ocr_line' id='line_1_19' title="bbox 119 1778 887 1854; baseline -0.009 -12"><span class='ocrx_word' id='word_1_110' title='bbox 119 1786 167 1842; x_wconf 79' lang='lat'>140</span> <span class='ocrx_word' id='word_1_111' title='bbox 220 1783 301 1837; x_wconf 88' lang='lat' dir='ltr'>Ante</span> <span class='ocrx_word' id='word_1_112' title='bbox 315 1785 383 1838; x_wconf 89' lang='lat' dir='ltr'>tuas</span> <span class='ocrx_word' id='word_1_113' title='bbox 399 1778 535 1851; x_wconf 76' lang='lat' dir='ltr'>itidem,</span> <span class='ocrx_word' id='word_1_114' title='bbox 559 1778 642 1838; x_wconf 86' lang='lat' dir='ltr'>curia</span> <span class='ocrx_word' id='word_1_115' title='bbox 658 1780 774 1854; x_wconf 90' lang='lat' dir='ltr'>prisca,</span> <span class='ocrx_word' id='word_1_116' title='bbox 794 1779 887 1838; x_wconf 86' lang='lat' dir='ltr'>iores.</span> 
     </span>
     <span class='ocr_line' id='line_1_20' title="bbox 183 1862 917 1936; baseline -0.001 -15"><span class='ocrx_word' id='word_1_117' title='bbox 183 1863 281 1921; x_wconf 87' lang='lat' dir='ltr'>Vesta</span> <span class='ocrx_word' id='word_1_118' title='bbox 295 1877 420 1936; x_wconf 89' lang='lat' dir='ltr'>quoque</span> <span class='ocrx_word' id='word_1_119' title='bbox 435 1870 467 1920; x_wconf 92' lang='lat' dir='ltr'>ut</span> <span class='ocrx_word' id='word_1_120' title='bbox 481 1862 554 1922; x_wconf 88' lang='lat' dir='ltr'>lolio</span> <span class='ocrx_word' id='word_1_121' title='bbox 570 1863 663 1921; x_wconf 85' lang='lat' dir='ltr'>niteat</span> <span class='ocrx_word' id='word_1_122' title='bbox 679 1864 780 1922; x_wconf 90' lang='lat' dir='ltr'>velata</span> <span class='ocrx_word' id='word_1_123' title='bbox 793 1862 917 1936; x_wconf 88' lang='lat' dir='ltr'>recenti,</span> 
     </span>
     <span class='ocr_line' id='line_1_21' title="bbox 226 1944 857 2005; baseline 0.002 -1"><span class='ocrx_word' id='word_1_124' title='bbox 226 1944 313 2004; x_wconf 85' lang='lat' dir='ltr'>Cedit</span> <span class='ocrx_word' id='word_1_125' title='bbox 334 1962 372 2004; x_wconf 89' lang='lat' dir='ltr'>ao</span> <span class='ocrx_word' id='word_1_126' title='bbox 387 1945 487 2005; x_wconf 84' lang='lat' dir='ltr'>Iliacis</span> <span class='ocrx_word' id='word_1_127' title='bbox 502 1946 607 2005; x_wconf 87' lang='lat' dir='ltr'>laurea</span> <span class='ocrx_word' id='word_1_128' title='bbox 622 1961 699 2005; x_wconf 90' lang='lat' dir='ltr'>cana</span> <span class='ocrx_word' id='word_1_129' title='bbox 714 1946 802 2005; x_wconf 88' lang='lat' dir='ltr'>iocis.</span> <span class='ocrx_word' id='word_1_130' title='bbox 856 1965 857 1969; x_wconf 43' lang='lat'>¹</span> 
     </span>
     <span class='ocr_line' id='line_1_22' title="bbox 184 2027 952 2104; baseline 0.001 -18"><span class='ocrx_word' id='word_1_131' title='bbox 184 2028 289 2101; x_wconf 84' lang='lat' dir='ltr'>Adde,</span> <span class='ocrx_word' id='word_1_132' title='bbox 314 2029 398 2104; x_wconf 93' lang='lat' dir='ltr'>quod</span> <span class='ocrx_word' id='word_1_133' title='bbox 412 2045 524 2088; x_wconf 89' lang='lat' dir='ltr'>arcana</span> <span class='ocrx_word' id='word_1_134' title='bbox 537 2029 604 2088; x_wconf 89' lang='lat' dir='ltr'>fieri</span> <span class='ocrx_word' id='word_1_135' title='bbox 619 2045 718 2088; x_wconf 90' lang='lat' dir='ltr'>novus</span> <span class='ocrx_word' id='word_1_136' title='bbox 733 2029 812 2104; x_wconf 84' lang='lat' dir='ltr'>ignis</span> <span class='ocrx_word' id='word_1_137' title='bbox 827 2027 857 2087; x_wconf 92' lang='lat' dir='ltr'>in</span> <span class='ocrx_word' id='word_1_138' title='bbox 873 2029 952 2088; x_wconf 87' lang='lat' dir='ltr'>aede</span> 
     </span>
     <span class='ocr_line' id='line_1_23' title="bbox 225 2111 868 2187; baseline -0.003 -16"><span class='ocrx_word' id='word_1_139' title='bbox 225 2112 347 2186; x_wconf 86' lang='lat' dir='ltr'>Dicitur,</span> <span class='ocrx_word' id='word_1_140' title='bbox 370 2118 399 2170; x_wconf 90' lang='lat' dir='ltr'>et</span> <span class='ocrx_word' id='word_1_141' title='bbox 413 2112 495 2171; x_wconf 91' lang='lat' dir='ltr'>vires</span> <span class='ocrx_word' id='word_1_142' title='bbox 510 2111 632 2171; x_wconf 77' lang='lat' dir='ltr'>flamma</span> <span class='ocrx_word' id='word_1_143' title='bbox 646 2114 761 2172; x_wconf 88' lang='lat' dir='ltr'>relecta</span> <span class='ocrx_word' id='word_1_144' title='bbox 778 2111 868 2187; x_wconf 90' lang='lat' dir='ltr'>capit.</span> 
     </span>
     <span class='ocr_line' id='line_1_24' title="bbox 119 2194 976 2271; baseline 0 -17"><span class='ocrx_word' id='word_1_145' title='bbox 119 2202 167 2255; x_wconf 80' lang='grc'>145</span> <span class='ocrx_word' id='word_1_146' title='bbox 182 2195 244 2254; x_wconf 88' lang='lat' dir='ltr'>Nec</span> <span class='ocrx_word' id='word_1_147' title='bbox 259 2194 331 2255; x_wconf 90' lang='lat' dir='ltr'>mihi</span> <span class='ocrx_word' id='word_1_148' title='bbox 346 2195 546 2270; x_wconf 78' lang='lat' dir='ltr'>pervalidae,</span> <span class='ocrx_word' id='word_1_149' title='bbox 569 2210 666 2254; x_wconf 89' lang='lat' dir='ltr'>annos</span> <span class='ocrx_word' id='word_1_150' title='bbox 681 2196 754 2255; x_wconf 93' lang='lat' dir='ltr'>hinc</span> <span class='ocrx_word' id='word_1_151' title='bbox 767 2194 834 2255; x_wconf 90' lang='lat' dir='ltr'>isse</span> <span class='ocrx_word' id='word_1_152' title='bbox 848 2195 976 2271; x_wconf 88' lang='lat' dir='ltr'>priores,</span> 
     </span>
     <span class='ocr_line' id='line_1_25' title="bbox 225 2277 1024 2353; baseline 0.003 -16"><span class='ocrx_word' id='word_1_153' title='bbox 225 2281 315 2338; x_wconf 85' lang='lat' dir='ltr'>Anna</span> <span class='ocrx_word' id='word_1_154' title='bbox 330 2278 414 2351; x_wconf 92' lang='lat' dir='ltr'>quod</span> <span class='ocrx_word' id='word_1_155' title='bbox 427 2278 488 2338; x_wconf 90' lang='lat' dir='ltr'>hoc</span> <span class='ocrx_word' id='word_1_156' title='bbox 503 2285 614 2353; x_wconf 90' lang='lat' dir='ltr'>coepta</span> <span class='ocrx_word' id='word_1_157' title='bbox 629 2284 676 2337; x_wconf 92' lang='lat' dir='ltr'>est</span> <span class='ocrx_word' id='word_1_158' title='bbox 689 2293 796 2339; x_wconf 89' lang='lat' dir='ltr'>mense</span> <span class='ocrx_word' id='word_1_159' title='bbox 809 2277 948 2339; x_wconf 90' lang='lat' dir='ltr'>Perenna</span> <span class='ocrx_word' id='word_1_160' title='bbox 962 2277 1024 2340; x_wconf 87' lang='lat' dir='ltr'>ooli</span> 
     </span>
     <span class='ocr_line' id='line_1_26' title="bbox 183 2361 949 2422; baseline 0.003 -3"><span class='ocrx_word' id='word_1_161' title='bbox 183 2361 261 2420; x_wconf 88' lang='lat' dir='ltr'>Hinc</span> <span class='ocrx_word' id='word_1_162' title='bbox 276 2361 366 2422; x_wconf 88' lang='lat' dir='ltr'>etiam</span> <span class='ocrx_word' id='word_1_163' title='bbox 380 2368 503 2422; x_wconf 89' lang='lat' dir='ltr'>veteres</span> <span class='ocrx_word' id='word_1_164' title='bbox 518 2361 583 2422; x_wconf 88' lang='lat' dir='ltr'>initi</span> <span class='ocrx_word' id='word_1_165' title='bbox 597 2369 802 2422; x_wconf 87' lang='lat' dir='ltr'>memorantur</span> <span class='ocrx_word' id='word_1_166' title='bbox 815 2361 949 2421; x_wconf 90' lang='lat' dir='ltr'>honores</span> 
     </span>
     <span class='ocr_line' id='line_1_27' title="bbox 223 2444 864 2521; baseline -0.002 -18"><span class='ocrx_word' id='word_1_167' title='bbox 223 2445 273 2503; x_wconf 83' lang='lat' dir='ltr'>Ad</span> <span class='ocrx_word' id='word_1_168' title='bbox 290 2444 421 2518; x_wconf 89' lang='lat' dir='ltr'>spatium</span> <span class='ocrx_word' id='word_1_169' title='bbox 435 2444 522 2518; x_wconf 90' lang='lat' dir='ltr'>belli,</span> <span class='ocrx_word' id='word_1_170' title='bbox 545 2446 664 2521; x_wconf 84' lang='lat' dir='ltr'>perfide</span> <span class='ocrx_word' id='word_1_171' title='bbox 678 2447 788 2516; x_wconf 86' lang='lat' dir='ltr'>Poene,</span> <span class='ocrx_word' id='word_1_172' title='bbox 812 2445 864 2505; x_wconf 88' lang='lat' dir='ltr'>tui.</span> 
     </span>
     <span class='ocr_line' id='line_1_28' title="bbox 184 2527 1012 2603; baseline 0 -15"><span class='ocrx_word' id='word_1_173' title='bbox 184 2529 323 2603; x_wconf 90' lang='lat' dir='ltr'>Denique</span> <span class='ocrx_word' id='word_1_174' title='bbox 339 2528 462 2603; x_wconf 87' lang='lat' dir='ltr'>quintus</span> <span class='ocrx_word' id='word_1_175' title='bbox 477 2528 515 2589; x_wconf 91' lang='lat' dir='ltr'>ab</span> <span class='ocrx_word' id='word_1_176' title='bbox 530 2528 589 2589; x_wconf 94' lang='lat' dir='ltr'>hoc</span> <span class='ocrx_word' id='word_1_177' title='bbox 605 2529 703 2589; x_wconf 87' lang='lat' dir='ltr'>luerat</span> <span class='ocrx_word' id='word_1_178' title='bbox 717 2527 870 2602; x_wconf 82' lang='lat' dir='ltr'>Quintilis,</span> <span class='ocrx_word' id='word_1_179' title='bbox 893 2534 923 2588; x_wconf 90' lang='lat' dir='ltr'>et</span> <span class='ocrx_word' id='word_1_180' title='bbox 935 2528 1012 2588; x_wconf 85' lang='lat' dir='ltr'>inde</span> 
     </span>
     <span class='ocr_line' id='line_1_29' title="bbox 120 2610 928 2688; baseline 0.002 -16"><span class='ocrx_word' id='word_1_181' title='bbox 120 2620 168 2672; x_wconf 89' lang='grc'>150</span> <span class='ocrx_word' id='word_1_182' title='bbox 224 2611 347 2686; x_wconf 89' lang='lat' dir='ltr'>Incipit,</span> <span class='ocrx_word' id='word_1_183' title='bbox 363 2628 521 2673; x_wconf 84' lang='lat' dir='ltr'>enumero</span> <span class='ocrx_word' id='word_1_184' title='bbox 537 2612 660 2672; x_wconf 90' lang='lat' dir='ltr'>nomina</span> <span class='ocrx_word' id='word_1_185' title='bbox 674 2610 813 2688; x_wconf 90' lang='lat' dir='ltr'>quisquis</span> <span class='ocrx_word' id='word_1_186' title='bbox 827 2611 928 2674; x_wconf 83' lang='lat' dir='ltr'>habet</span> 
     </span>
     <span class='ocr_line' id='line_1_30' title="bbox 183 2695 1016 2768; baseline 0.002 -14"><span class='ocrx_word' id='word_1_187' title='bbox 183 2695 310 2768; x_wconf 78' lang='lat' dir='ltr'>Prinne,</span> <span class='ocrx_word' id='word_1_188' title='bbox 335 2695 481 2757; x_wconf 79' lang='lat' dir='ltr'>oliviferis</span> <span class='ocrx_word' id='word_1_189' title='bbox 495 2695 623 2756; x_wconf 85' lang='lat' dir='ltr'>Romam</span> <span class='ocrx_word' id='word_1_190' title='bbox 639 2696 787 2756; x_wconf 89' lang='lat' dir='ltr'>deductus</span> <span class='ocrx_word' id='word_1_191' title='bbox 803 2695 841 2756; x_wconf 90' lang='lat' dir='ltr'>ab</span> <span class='ocrx_word' id='word_1_192' title='bbox 856 2695 949 2768; x_wconf 88' lang='lat' dir='ltr'>arvis,</span> <span class='ocrx_word' id='word_1_193' title='bbox 1007 2711 1016 2728; x_wconf 89' lang='lat'><strong>·</strong></span> 
     </span>
     <span class='ocr_line' id='line_1_31' title="bbox 225 2778 878 2854; baseline -0.006 -16"><span class='ocrx_word' id='word_1_194' title='bbox 225 2778 391 2854; x_wconf 88' lang='lat' dir='ltr'>Pompilius</span> <span class='ocrx_word' id='word_1_195' title='bbox 407 2794 530 2839; x_wconf 87' lang='lat' dir='ltr'>menses</span> <span class='ocrx_word' id='word_1_196' title='bbox 545 2779 642 2840; x_wconf 90' lang='lat' dir='ltr'>sensit</span> <span class='ocrx_word' id='word_1_197' title='bbox 656 2780 768 2841; x_wconf 89' lang='lat' dir='ltr'>abesse</span> <span class='ocrx_word' id='word_1_198' title='bbox 783 2779 878 2838; x_wconf 79' lang='lat' dir='ltr'>duos=</span> 
     </span>
     <span class='ocr_line' id='line_1_32' title="bbox 185 2861 929 2939; baseline -0.005 -15"><span class='ocrx_word' id='word_1_199' title='bbox 185 2862 259 2924; x_wconf 88' lang='lat' dir='ltr'>Sive</span> <span class='ocrx_word' id='word_1_200' title='bbox 270 2863 331 2922; x_wconf 90' lang='lat' dir='ltr'>hoc</span> <span class='ocrx_word' id='word_1_201' title='bbox 345 2878 364 2922; x_wconf 91' lang='lat' dir='ltr'>a</span> <span class='ocrx_word' id='word_1_202' title='bbox 378 2861 481 2923; x_wconf 87' lang='lat' dir='ltr'>Samio</span> <span class='ocrx_word' id='word_1_203' title='bbox 497 2863 616 2938; x_wconf 88' lang='lat' dir='ltr'>doctus,</span> <span class='ocrx_word' id='word_1_204' title='bbox 633 2863 685 2939; x_wconf 92' lang='lat' dir='ltr'>qui</span> <span class='ocrx_word' id='word_1_205' title='bbox 699 2877 795 2939; x_wconf 90' lang='lat' dir='ltr'>posse</span> <span class='ocrx_word' id='word_1_206' title='bbox 808 2862 929 2923; x_wconf 86' lang='lat' dir='ltr'>renasci</span> 
     </span>
     <span class='ocr_line' id='line_1_33' title="bbox 225 2945 1034 3021; baseline -0.001 -17"><span class='ocrx_word' id='word_1_207' title='bbox 225 2945 289 3007; x_wconf 87' lang='lat' dir='ltr'>Nos</span> <span class='ocrx_word' id='word_1_208' title='bbox 309 2951 408 3021; x_wconf 89' lang='lat' dir='ltr'>putat,</span> <span class='ocrx_word' id='word_1_209' title='bbox 426 2946 537 3021; x_wconf 83' lang='lat' dir='ltr'>Egeria</span> <span class='ocrx_word' id='word_1_210' title='bbox 550 2947 617 3007; x_wconf 87' lang='lat' dir='ltr'>sive</span> <span class='ocrx_word' id='word_1_211' title='bbox 631 2953 773 3007; x_wconf 88' lang='lat' dir='ltr'>monente</span> <span class='ocrx_word' id='word_1_212' title='bbox 788 2961 854 3005; x_wconf 89' lang='lat' dir='ltr'>sua.</span> <span class='ocrx_word' id='word_1_213' title='bbox 1032 2998 1034 3003; x_wconf 83' lang='lat'><em>.</em></span> 
     </span>
     <span class='ocr_line' id='line_1_34' title="bbox 116 3027 1022 3104; baseline -0.001 -16"><span class='ocrx_word' id='word_1_214' title='bbox 116 3036 166 3090; x_wconf 91' lang='grc'>155</span> <span class='ocrx_word' id='word_1_215' title='bbox 181 3027 243 3089; x_wconf 85' lang='lat' dir='ltr'>Sed</span> <span class='ocrx_word' id='word_1_216' title='bbox 257 3036 358 3089; x_wconf 91' lang='lat' dir='ltr'>tamen</span> <span class='ocrx_word' id='word_1_217' title='bbox 372 3029 514 3089; x_wconf 89' lang='lat' dir='ltr'>errabant</span> <span class='ocrx_word' id='word_1_218' title='bbox 528 3031 691 3091; x_wconf 85' lang='lat' dir='ltr'>etiamtunc</span> <span class='ocrx_word' id='word_1_219' title='bbox 704 3037 859 3104; x_wconf 89' lang='lat' dir='ltr'>tempora,</span> <span class='ocrx_word' id='word_1_220' title='bbox 881 3028 983 3088; x_wconf 85' lang='lat' dir='ltr'>donec</span> <span class='ocrx_word' id='word_1_221' title='bbox 1018 3074 1022 3078; x_wconf 16' lang='grc' dir='ltr'><strong>Α</strong></span> 
     </span>
     <span class='ocr_line' id='line_1_35' title="bbox 227 3111 927 3189; baseline -0.004 -17"><span class='ocrx_word' id='word_1_222' title='bbox 227 3112 367 3172; x_wconf 85' lang='lat' dir='ltr'>Caesaris</span> <span class='ocrx_word' id='word_1_223' title='bbox 382 3113 413 3173; x_wconf 92' lang='lat' dir='ltr'>in</span> <span class='ocrx_word' id='word_1_224' title='bbox 427 3113 528 3174; x_wconf 86' lang='lat' dir='ltr'>multis</span> <span class='ocrx_word' id='word_1_225' title='bbox 543 3113 620 3174; x_wconf 88' lang='lat' dir='ltr'>haec</span> <span class='ocrx_word' id='word_1_226' title='bbox 635 3129 760 3189; x_wconf 90' lang='lat' dir='ltr'>quoque</span> <span class='ocrx_word' id='word_1_227' title='bbox 775 3127 848 3172; x_wconf 88' lang='lat' dir='ltr'>cura</span> <span class='ocrx_word' id='word_1_228' title='bbox 862 3111 927 3172; x_wconf 83' lang='lat' dir='ltr'>luit.</span> 
     </span>
     <span class='ocr_line' id='line_1_36' title="bbox 183 3194 995 3273; baseline -0.002 -18"><span class='ocrx_word' id='word_1_229' title='bbox 183 3195 255 3255; x_wconf 88' lang='lat' dir='ltr'>Non·</span> <span class='ocrx_word' id='word_1_230' title='bbox 265 3196 342 3255; x_wconf 90' lang='lat' dir='ltr'>haec</span> <span class='ocrx_word' id='word_1_231' title='bbox 356 3196 407 3256; x_wconf 87' lang='lat' dir='ltr'>ille</span> <span class='ocrx_word' id='word_1_232' title='bbox 422 3197 499 3256; x_wconf 88' lang='lat' dir='ltr'>deus</span> <span class='ocrx_word' id='word_1_233' title='bbox 513 3203 677 3272; x_wconf 85' lang='lat' dir='ltr'>tantaeque</span> <span class='ocrx_word' id='word_1_234' title='bbox 691 3194 870 3273; x_wconf 79' lang='lat' dir='ltr'>propaginis</span> <span class='ocrx_word' id='word_1_235' title='bbox 886 3202 995 3255; x_wconf 86' lang='lat' dir='ltr'>auctor</span> 
     </span>
     <span class='ocr_line' id='line_1_37' title="bbox 226 3278 797 3354; baseline 0.005 -17"><span class='ocrx_word' id='word_1_236' title='bbox 226 3278 359 3339; x_wconf 85' lang='lat' dir='ltr'>Credidit</span> <span class='ocrx_word' id='word_1_237' title='bbox 379 3280 489 3340; x_wconf 81' lang='lat' dir='ltr'>officiis</span> <span class='ocrx_word' id='word_1_238' title='bbox 504 3296 577 3342; x_wconf 90' lang='lat' dir='ltr'>esse</span> <span class='ocrx_word' id='word_1_239' title='bbox 590 3281 708 3340; x_wconf 89' lang='lat' dir='ltr'>minora</span> <span class='ocrx_word' id='word_1_240' title='bbox 722 3280 797 3354; x_wconf 92' lang='lat' dir='ltr'>suis,</span> 
     </span>
     <span class='ocr_line' id='line_1_38' title="bbox 183 3359 978 3440; baseline 0.003 -20"><span class='ocrx_word' id='word_1_241' title='bbox 183 3359 432 3437; x_wconf 80' lang='lat' dir='ltr'>Psomissumque</span> <span class='ocrx_word' id='word_1_242' title='bbox 447 3363 505 3424; x_wconf 89' lang='lat' dir='ltr'>sibi</span> <span class='ocrx_word' id='word_1_243' title='bbox 520 3364 617 3424; x_wconf 89' lang='lat' dir='ltr'>voluit</span> <span class='ocrx_word' id='word_1_244' title='bbox 631 3378 837 3440; x_wconf 88' lang='lat' dir='ltr'>praenoscere</span> <span class='ocrx_word' id='word_1_245' title='bbox 852 3362 978 3433; x_wconf 86' lang='lat' dir='ltr'>caelum,</span> 
     </span>
     <span class='ocr_line' id='line_1_39' title="bbox 117 3445 865 3525; baseline 0.001 -21"><span class='ocrx_word' id='word_1_246' title='bbox 117 3453 165 3506; x_wconf 86' lang='grc'>100</span> <span class='ocrx_word' id='word_1_247' title='bbox 219 3445 281 3504; x_wconf 86' lang='grc' dir='ltr'>Νο0</span> <span class='ocrx_word' id='word_1_248' title='bbox 296 3446 373 3506; x_wconf 90' lang='lat' dir='ltr'>deus</span> <span class='ocrx_word' id='word_1_249' title='bbox 389 3447 507 3520; x_wconf 85' lang='lat' dir='ltr'>ignotas</span> <span class='ocrx_word' id='word_1_250' title='bbox 523 3447 640 3525; x_wconf 90' lang='lat' dir='ltr'>hospes</span> <span class='ocrx_word' id='word_1_251' title='bbox 655 3447 730 3507; x_wconf 90' lang='lat' dir='ltr'>inire</span> <span class='ocrx_word' id='word_1_252' title='bbox 745 3448 865 3506; x_wconf 88' lang='lat' dir='ltr'>domos.</span> 
     </span>
    </p>
   </div>
   <div class='ocr_carea' id='block_1_3' title="bbox 0 0 1170 3960">
    <p class='ocr_par' dir='ltr' id='par_1_3' title="bbox 0 0 1170 3960">
     <span class='ocr_line' id='line_1_40' title="bbox 0 0 1170 3960; baseline 0 0"><span class='ocrx_word' id='word_1_253' title='bbox 0 0 1170 3960; x_wconf 95' lang='lat' dir='ltr'> </span> 
     </span>
    </p>
   </div>
  </div>
 </body>
</html>
