2318 3960
384 227 425 302 n,
446 225 482 298 e,
504 171 624 301 23ss7,
646 221 697 288 57.

59 394 103 445 ἰο
161 379 328 455 Verbaque
337 377 491 440 Fortunae
504 377 557 436 vix
565 383 642 452 puto
658 393 753 453 posse
768 378 843 441 dari.

120 465 176 525 Est
188 465 231 524 illi
246 478 339 524 curae
353 478 403 522 me
417 460 556 536 perdere.
588 477 729 537 quaeque
744 464 863 524 solebat

161 548 240 609 Esse
255 547 348 620 levis,
365 552 511 606 constans
526 551 556 602 et
569 543 649 604 bene
661 553 745 606 eerta
759 554 859 608 nocet.

121 633 218 691 Crede
232 630 322 704 mibi,
338 629 365 690 si
379 645 448 690 sum
464 627 526 688 veri
541 627 594 687 tibi
608 627 748 703 cognitus
764 629 835 704 oris,

161 715 204 774 Ne
219 728 365 775 numeros
380 711 493 774 nostris
505 711 631 774 ensibus
647 727 718 773 esse
731 720 831 789 putes,

65 803 103 855 25
120 798 289 877 Cinyphiae
303 796 418 872 segetis
433 795 521 859 eitius
536 795 710 857 numerabis
725 798 844 872 aristas,

159 883 293 956 Altaque
308 896 399 957 quam
413 879 516 940 multis
530 877 640 939 floreat
650 879 755 958 Hybla
767 881 897 959 thymis:

119 965 157 1025 Et
172 971 246 1040 quot
261 980 335 1025 aves
351 963 441 1024 motis
456 962 588 1023 nitantur
602 963 632 1023 iu
648 966 720 1023 abre
731 965 855 1040 pennis,

164 1049 304 1124 Quotque
318 1054 422 1108 natent
435 1047 540 1123 pisces
553 1062 704 1121 aequore,
719 1055 821 1109 certus
835 1049 906 1124 eris,

121 1133 217 1206 Quam
231 1132 284 1193 tibi
299 1138 474 1193 nostrorum
489 1136 636 1191 statuatur
650 1145 768 1190 summa
781 1131 929 1205 tabomm,

65 1229 104 1282 30
161 1215 244 1290 Quos
259 1231 317 1290 ego
330 1232 401 1277 sum
416 1222 511 1288 terra,
528 1229 606 1288 quos
622 1229 681 1288 ego
695 1230 810 1289 passus
825 1232 915 1292 aqua

119 1299 207 1359 Nutta
221 1299 306 1360 Getis
320 1305 385 1361 toto
399 1314 475 1374 gens
491 1305 539 1358 est
557 1297 755 1358 truculentior
770 1297 858 1358 orbe=

163 1382 224 1443 Sed
241 1390 341 1443 tamen
356 1383 387 1442 hi
402 1381 516 1442 nostris
532 1381 707 1456 ingemuere
723 1382 821 1442 matis.

119 1466 203 1540 Quae
217 1466 270 1527 tibi
284 1467 312 1527 si
329 1465 456 1527 memori
471 1481 564 1526 coner
577 1465 768 1540 perscribere
784 1481 884 1541 versu,

159 1551 231 1612 Itias
245 1557 293 1611 est
304 1549 358 1610 fati
369 1550 466 1624 tanga
479 1549 579 1609 futura
591 1549 661 1610 mei.

62 1641 99 1694 35
115 1633 183 1693 Non
199 1633 289 1709 igitur
302 1648 428 1707 vereor,
446 1631 518 1707 quia
531 1639 561 1692 te
575 1648 645 1692 rear
659 1648 730 1694 esse
746 1633 923 1709 verendum,

161 1717 253 1778 Cuius
268 1733 355 1777 amor
366 1715 457 1776 nobis
470 1716 601 1791 pignora
615 1716 697 1776 mitte
706 1716 809 1777 -dedita

118 1801 182 1860 Sed
197 1801 268 1876 quia
282 1816 332 1860 res
346 1799 452 1860 timido
466 1806 514 1859 est
528 1800 626 1859 omnis
641 1799 748 1874 miser,
764 1807 795 1860 et
807 1799 879 1874 quia
893 1801 986 1875 longo
999 1805 1047 1860 est

158 1885 309 1958 Tempore
324 1883 454 1943 laetitiae
469 1882 679 1943 ianuactausa
692 1897 789 1943 meae.

116 1968 181 2026 Iam
196 1967 285 2028 dolor
299 1967 329 2026 in
343 1982 460 2027 morem
474 1967 558 2025 venit
571 1981 668 2026 mens.
696 1971 791 2041 utque
806 1967 932 2028 caducis

62 2056 101 2107 40
158 2051 313 2112 Percussu
327 2050 436 2110 crebro
449 2065 527 2110 saxa
542 2057 688 2108 cavantur
702 2049 801 2125 aquis,

116 2134 169 2196 Sic
184 2150 241 2210 ego
257 2134 402 2196 continuo
418 2134 557 2194 fortunae
570 2132 715 2192 vulneror
727 2131 798 2206 ictu,

158 2218 281 2292 Vixque
295 2217 388 2277 habet
402 2217 431 2276 in
446 2215 536 2276 nobis
551 2215 611 2277 iam
624 2231 705 2277 nova
720 2215 811 2292 plaga
824 2217 934 2277 locum.

114 2303 178 2362 Nec
193 2301 290 2376 magis
300 2301 431 2361 assiduo
446 2314 552 2361 vomer
566 2306 705 2361 tenuatur
718 2299 756 2359 ab
772 2316 839 2374 usu,

155 2386 217 2444 Nec
231 2385 329 2460 tnagis
343 2391 391 2445 est
400 2383 509 2444 curvis
523 2384 626 2458 Appia
640 2384 807 2458 trituratis,

59 2478 98 2529 45
112 2469 240 2530 Pectora
255 2485 345 2543 quam
361 2483 429 2528 mea
445 2472 516 2528 sunt
529 2467 610 2527 serie
625 2472 748 2527 caecata
763 2466 921 2528 matorum.

153 2552 192 2611 Et
206 2551 280 2612 nihii
294 2552 413 2624 inveni,
430 2551 515 2626 quod
530 2550 602 2610 mihi
616 2551 709 2610 ferret
724 2566 825 2625 opem.

113 2636 239 2695 Artibus
255 2635 394 2710 ingenuis
412 2633 551 2710 quaesita
565 2641 612 2692 est
626 2633 724 2707 gloria
735 2633 851 2693 multis:

155 2719 265 2777 Infelix
280 2718 357 2794 perii
374 2718 496 2779 dotibus
511 2717 580 2792 ipse
594 2718 680 2775 meis.

112 2803 184 2861 Vita
198 2802 284 2878 prior
297 2802 370 2864 vitio
387 2808 469 2862 earet
484 2807 515 2860 et
529 2800 595 2859 sine
609 2800 678 2858 labe
692 2805 829 2874 peraeta:

58 2903 96 2953 50
150 2886 264 2946 Auxilii
278 2886 391 2946 misero
407 2886 447 2945 nil
463 2885 529 2944 iniit
543 2884 593 2942 illa
612 2883 694 2943 mibi.

113 2970 209 3045 Culpa
223 2971 325 3045 gratis
340 2969 484 3046 precibus
500 2969 631 3028 donatur
645 2982 740 3041 saepe
755 2960 894 3026 sucrum

155 3051 259 3114 Omnis
275 3070 332 3129 pro
348 3053 437 3115 nobis
453 3051 550 3128 gratia
564 3058 647 3111 muta
661 3049 725 3110 tuit.

111 3137 248 3197 Adiuvat
261 3137 290 3196 in
306 3137 390 3198 duris
405 3135 508 3210 aliqua
521 3134 696 3210 praesentia
709 3131 817 3192 rebus:

153 3219 259 3280 Obruit
272 3221 332 3280 hoc
347 3221 460 3282 absens
475 3227 564 3279 vasta
577 3219 714 3294 procella
730 3221 829 3289 caput.

55 3317 93 3371 55
110 3303 185 3379 Quis
201 3319 263 3365 nou
281 3303 433 3367 horruerit
448 3303 569 3364 meitam
590 3315 715 3378 quoque
731 3297 871 3358 Caesaris
889 3297 986 3360 tremi

152 3387 268 3449 Addita
282 3396 352 3450 sunt
371 3387 479 3465 poeuis
498 3400 610 3461 aspera
626 3383 722 3445 verba
738 3383 824 3443 meis.

108 3472 157 3532 Fit
174 3472 247 3547 tuga
264 3471 452 3547 temporibus
469 3470 576 3558 levior.
611 3468 766 3545 proiectus
779 3467 944 3612 1331111101·
