2318 3960
114 197 177 262 206
495 194 752 257 FASTORUM

197 352 248 412 Ad
263 350 390 426 primam
406 363 514 408 vocem
528 349 649 409 timidas
665 346 823 408 advertitis
843 362 943 417 aures,

136 444 185 499 180
199 497 202 502 ,
239 435 277 496 Et
290 433 389 493 visam
402 433 533 507 primum
548 430 680 492 consulit
694 446 791 505 augur
805 446 903 490 avem.

195 519 321 594 Templa
335 523 440 592 patent
455 531 607 590 auresque
623 516 729 586 deum,
747 529 804 575 nec
818 515 922 588 lingua
937 515 1074 578 caducas

170 622 174 629 ·
238 601 377 676 Concipit
391 600 453 660 ulla
467 614 593 675 preces,
609 599 751 674 dictaque
764 599 886 674 pondus
900 599 1038 660 habent’

198 686 339 745 Desierat
352 685 454 743 Ianus.
482 699 540 742 nec
553 683 646 757 longa
660 680 779 741 silentia
794 681 863 755 ieci,

43 825 47 830 .
241 767 304 829 Sed
320 767 404 842 tetigi
418 767 521 826 verbis
536 766 641 828 ultima
653 765 749 826 verba
765 765 857 825 meis:

134 856 183 910 185
199 852 292 926 ‘Quid
305 854 370 910 voit
386 852 487 925 palma
502 851 560 909 sibi
574 864 750 924 rugosaque
766 849 895 920 carica,'
913 850 978 910 dixi

237 935 286 994 ‘Et
301 935 373 994 data
388 934 444 994 sub
460 934 551 993 niveo
568 933 691 992 condito
705 933 795 992 mella
810 932 922 992 cadoi’

195 1019 318 1080 ‘Omen’
334 1018 376 1077 ait
391 1023 499 1077 ‘causa
513 1024 575 1091 est,
590 1023 686 1076 utres
701 1032 797 1091 sapor
810 1017 860 1075 ille
875 1023 1033 1094 sequatur,

236 1102 274 1162 Et
288 1109 414 1177 peragat
429 1109 570 1176 coeptum
586 1101 685 1160 duleis
700 1107 733 1160 ut
746 1116 845 1161 annus
860 1099 939 1160 iter.’

196 1186 318 1245 ‘Dulcia
333 1201 387 1244 cur
402 1186 524 1259 dentur,
540 1184 641 1244 video.
671 1184 758 1259 stipis
774 1183 862 1243 adice
878 1199 1014 1262 causam,

134 1279 184 1333 190
239 1269 314 1329 Pars
331 1268 403 1327 mihi
418 1269 457 1328 de
471 1270 550 1328 festo
565 1283 604 1327 ne
619 1267 701 1327 labet
714 1268 776 1327 ulta
789 1271 865 1330 tuo?

196 1353 290 1427 Risit,
305 1359 336 1412 et
350 1350 386 1411 *0
404 1369 496 1427 quam
511 1360 542 1412 te
557 1353 663 1411 faliunt
676 1357 729 1411 tua
744 1352 895 1427 saecuta,’
911 1351 990 1412 dixit

239 1437 308 1511 ‘Qui
324 1437 404 1511 stipe
420 1436 478 1495 mel
492 1443 614 1511 sumpta
629 1436 747 1496 dulcius
764 1451 836 1496 esse
850 1441 958 1511 putas!

196 1521 258 1581 Vix
271 1536 329 1595 ego
346 1519 476 1580 Saturno
493 1536 676 1594 quemquam
690 1527 837 1594 regnante
851 1518 1004 1592 videbam,

242 1605 333 1665 Cuius
350 1619 412 1664 non
427 1604 527 1662 animo
542 1603 644 1663 dulcia
657 1602 743 1676 lucra
756 1603 865 1663 forent.

137 1693 184 1748 195
198 1690 348 1765 Tempore
363 1687 458 1746 crevit
472 1703 571 1762 amor,
588 1688 640 1761 qui
654 1701 734 1745 nunc
749 1694 796 1746 est
811 1703 963 1762 summus,
987 1685 1129 1749 habendi

238 1773 300 1831 Vix
314 1773 407 1843 ultra,
425 1787 485 1844 quo
502 1771 560 1829 iam
579 1771 805 1846 progrediatur,
820 1771 922 1831 habet.

196 1855 294 1916 Pluris
312 1871 388 1931 opes
404 1871 484 1915 nunc
500 1860 584 1927 sunt,
600 1870 691 1930 quam
706 1856 799 1929 prisci
813 1856 960 1930 temporis
975 1856 1077 1933 annis,

239 1940 317 1999 Dum
332 1941 467 2014 populus
483 1955 614 2015 pauper,
632 1938 704 1997 dum
718 1954 801 1998 nova
814 1939 912 1999 Roma
927 1939 998 1999 iuitz

198 2026 276 2084 Dum
292 2040 365 2084 casa
378 2023 577 2098 Martigenam
592 2021 733 2097 capiebat
747 2038 845 2098 parva
859 2022 1025 2098 Quirinum,

132 2120 185 2172 200
240 2108 278 2167 Et
295 2107 387 2167 dabat
401 2107 544 2182 exiguum
560 2105 694 2166 fluminis
710 2107 782 2166 ulva
796 2112 905 2166 torum.

199 2192 335 2267 Iuppiter
349 2199 480 2266 angusta
493 2191 546 2249 vix
563 2197 644 2251 totus
660 2189 761 2250 stabat
774 2191 804 2249 in
819 2191 906 2266 aede,

239 2276 336 2349 Inque
351 2275 434 2334 Iovis
452 2276 559 2333 dextra
573 2275 664 2334 fictile
679 2274 793 2336 fulmen
808 2282 883 2336 erat.

197 2358 369 2420 Frondibus
386 2357 549 2429 ornabant,
567 2374 647 2432 quae
661 2374 742 2416 nunc
758 2357 905 2433 Capitolia
918 2359 1057 2434 gemmis,

241 2441 452 2516 pascebatque
468 2458 540 2500 suas
557 2442 626 2516 ipse
640 2448 765 2501 senator
780 2457 865 2502 oves.

136 2534 186 2587 205
199 2528 262 2586 Nec
277 2525 391 2601 pudor,
408 2526 438 2583 in
451 2525 562 2599 stipula
577 2525 729 2600 placidam
745 2527 867 2600 cepisse
882 2527 1015 2602 quietem

241 2611 278 2670 Et
294 2611 416 2669 foenum
431 2609 523 2684 capiti
538 2609 746 2683 supposuisse
760 2610 824 2668 fuit.

199 2697 268 2755 Iura
285 2695 377 2754 dabat
391 2693 515 2767 populis
531 2693 632 2767 posito
647 2693 739 2753 modo
754 2700 878 2768 praetor
892 2700 1003 2768 aratro,

240 2779 277 2837 Et
291 2778 369 2837 levis
384 2777 500 2852 argenti
516 2777 658 2836 lammina
674 2777 787 2836 crimen
803 2785 876 2836 erat.
968 2842 973 2848 ³

199 2863 239 2921 At
255 2868 418 2936 postquam
434 2862 556 2920 fortuna
570 2861 628 2920 toci
644 2868 736 2936 caput
750 2860 856 2920 extulit
870 2860 971 2937 huiuS,

136 2961 187 3011 210
243 2946 280 3004 Et
294 2946 390 3019 tetigit
404 2960 523 3004 summo
539 2945 653 3003 vertice
667 2945 766 3004 Roma
781 2945 868 3016 deos,

202 3030 369 3089 creverunt
384 3035 413 3088 et
427 3044 504 3103 opes
520 3035 550 3086 et
565 3044 657 3103 opum
672 3028 790 3087 furiosa
804 3027 927 3102 cupido,

239 3113 290 3184 Et,
308 3129 375 3172 cum
392 3113 573 3187 possideant
587 3112 732 3187 piurima,
752 3112 838 3186 plura
853 3118 967 3187 petunt.

200 3197 364 3269 Quaerere,
381 3203 412 3257 ut
425 3196 599 3270 absumant,
616 3195 777 3269 absumpta
791 3195 948 3270 requirere
964 3204 1089 3274 certant,

240 3281 342 3355 Atque
356 3281 445 3356 ipsae
458 3280 538 3340 vitiis
555 3286 626 3340 sunt
640 3279 782 3340 alimenta
795 3280 891 3339 vices.

134 3372 185 3424 215
200 3361 251 3422 Sic
267 3365 377 3437 quibus
393 3364 530 3424 intumuit
544 3362 664 3425 suffusa
678 3372 785 3423 venter
799 3364 838 3423 ab
852 3363 944 3439 unda,

242 3447 307 3520 Quo
323 3450 393 3522 plus
408 3456 479 3508 sunt
495 3456 599 3524 ootac,
614 3450 684 3523 plus
700 3448 839 3509 sitiuntur
855 3463 967 3523 aquae.
