2294 3854
28 102 40 153 l.

30 156 35 165 1

27 270 34 285 ,ι

381 227 434 301 ΙΙΙ,
457 225 513 303 10,
536 226 654 304 7-11,
674 228 704 290 3.

10 379 32 439 ΙΙ
64 388 99 444 alo
114 380 151 440 Et
165 379 306 454 quamvis
321 379 433 440 boreas
447 381 565 440 iactatis
580 382 702 442 insonet
717 383 782 458 5115,

155 461 279 523 Fluctus
294 463 325 522 in
340 463 471 525 obsesso
487 464 606 538 gurgite
621 467 721 526 nullus
737 466 801 538 erit,

24 562 28 597 ε
114 549 317 621 inclusaeque
331 548 403 620 gelu
417 548 549 619 stabunt,
565 554 598 608 ut
611 564 771 624 marmore,
787 565 920 626 puppes,

157 629 220 690 Nec
233 629 345 704 poterit
358 630 474 704 rigidas
489 632 607 691 findere
622 647 726 694 remus
741 649 849 708 aquas.

30 777 32 784 y
114 713 254 772 Vidimus
269 714 299 772 in
316 714 414 788 glacie
429 715 532 789 pisces
547 713 675 774 haerere
689 717 809 790 ligatos,

61 802 96 853 55
151 795 214 857 Sed
229 813 302 872 pars
318 797 431 857 exiliis
446 803 519 857 tunc
535 814 659 874 quoque
673 799 744 859 viva
758 799 822 860 luit.

114 879 186 939 Sive
200 879 290 955 igitur
304 881 386 940 nimii
401 882 515 941 boreae
530 883 577 941 vis
593 897 688 942 saeva
703 883 846 958 marinas,

154 961 225 1022 Sive
239 965 427 1026 redundatas
443 964 569 1026 flumine
585 968 667 1040 cogit
681 982 788 1041 aquas,

111 1047 262 1121 Protinus,
278 1057 409 1124 aequato
424 1049 515 1109 siccis
531 1049 726 1124 aquilonibus
741 1050 854 1124 Histro,

152 1131 307 1192 Invehitur
322 1134 414 1193 celeri
428 1133 577 1196 barbarus
593 1132 691 1193 hostis
707 1148 806 1209 equo:

61 1215 215 1278 551155Ιί5
230 1231 311 1291 equo
327 1219 448 1291 pollens
463 1218 618 1292 longeque
632 1219 755 1278 volante
770 1217 879 1291 sagitta

150 1298 291 1358 Vicinam
305 1302 365 1360 late
379 1301 586 1376 depopidatur
599 1300 734 1360 humum.

112 1381 279 1457 Diffugiunt
293 1383 352 1455 5111,
370 1384 523 1458 nullisque
538 1385 692 1444 tuentibus
709 1398 800 1457 agros

152 1466 359 1527 Incustoditae
374 1467 556 1541 diripiuntur
572 1484 666 1543 opes:

111 1549 203 1610 Ruris
220 1566 296 1626 opes
312 1566 435 1626 parvae,
452 1566 548 1626 pecus
562 1559 593 1611 et
607 1550 766 1611 stridentia
779 1550 926 1624 plaustra,

61 1639 97 1692 60
152 1633 189 1694 Et
203 1650 280 1709 quas
296 1632 417 1695 divitias
432 1635 532 1694 incola
547 1651 665 1710 pauper
679 1635 781 1694 habet.

110 1717 184 1776 Pars
199 1719 297 1792 agitur
310 1719 419 1778 vinctis
437 1724 510 1794 post
524 1724 641 1793 tergum
656 1725 746 1793 capta
759 1715 891 1789 lacertis,

151 1801 333 1876 Respiciens
348 1802 462 1861 frustra
476 1814 548 1861 rura
562 1803 720 1877 laremque
735 1817 841 1862 suum:

109 1882 184 1943 Pars
203 1885 284 1945 cadit
297 1885 426 1944 hamatis
441 1885 554 1945 misere
569 1886 692 1945 confixa
707 1885 842 1958 sagittisz

150 1967 225 2027 Nam
241 1967 358 2028 volucri
374 1969 453 2027 lemo
469 1968 581 2026 tinctile
596 1969 680 2026 virus
696 1969 784 2026 inest.

60 2057 94 2112 65
111 2049 195 2124 Quae
208 2057 364 2125 nequeunt
379 2064 484 2109 secum
499 2051 579 2109 terre
594 2058 645 2110 aut
659 2049 822 2123 abducere,
838 2049 979 2125 perdunt,

151 2135 189 2193 Et
204 2141 317 2194 cremat
330 2133 469 2194 insontes
484 2132 604 2194 hostica
619 2133 742 2193 flamma
756 2148 856 2192 55555.

110 2219 194 2277 Τ555
210 2232 343 2293 quoque,
360 2234 430 2277 cum
443 2233 505 2292 pax
520 2225 575 2292 est,
592 2217 746 2292 trepidant
760 2215 921 2278 tormidine
934 2215 1015 2291 belli,

151 2301 213 2361 Neo
230 2302 393 2378 quisquam
409 2317 518 2376 presso
533 2316 659 2362 vomere
674 2302 772 2361 sulcat
785 2300 918 2372 humum.

110 2385 618 2460 55151555,551551511155551515,
632 2400 723 2459 quem
734 2400 795 2445 non
809 2384 899 2458 videl„
908 2382 1028 2443 hostem

60 2482 95 2538 70
150 2467 257 2530 Cessat
271 2469 353 2529 iners
369 2468 469 2543 rigido
485 2475 566 2528 terra
579 2469 685 2529 relicta
700 2468 768 2528 situ.

113 2551 179 2612 Non
193 2551 243 2612 hio
258 2552 421 2628 pampinea
436 2551 534 2612 dulcis
551 2553 622 2612 latet
636 2567 697 2612 uva
711 2553 769 2612 sub
783 2552 898 2624 umbra,

151 2634 213 2695 Nec
229 2637 383 2696 cumulant
397 2637 476 2695 altos
492 2635 611 2694 fervida
625 2641 726 2695 musta
740 2637 836 2695 15555.

111 2718 205 2778 Poma
220 2726 311 2794 negat
324 2719 420 2792 regio.
443 2733 501 2777 nec
515 2717 642 2778 haberet
656 2718 814 2790 Acontius,
831 2717 861 2776 in
877 2728 938 2792 quo

154 2802 308 2863 Scriberet
321 2802 371 2861 hic
385 2802 527 2862 dominae
542 2801 635 2860 verba
649 2801 781 2875 legenda
795 2814 879 2860 suae.

61 2894 95 2948 75
109 2886 275 2962 Aspiceres
291 2886 391 2946 nudos
407 2886 474 2945 sine
490 2885 606 2957 nonde,
624 2885 692 2944 sine
706 2884 824 2957 arbore,
842 2899 984 2959 campos:

152 2971 219 3030 lleu
234 2972 303 3031 loca
318 2969 397 3029 felici
413 2985 474 3030 non
490 2969 633 3029 adeunda
646 2968 728 3027 viro!

111 3054 192 3127 Ergo
207 3061 268 3114 tam
282 3057 341 3114 late
355 3058 459 3128 pateat
473 3068 541 3113 oum
557 3052 707 3111 maximus
724 3050 817 3123 orbis,

152 3138 236 3196 Haec
251 3137 343 3196 estin
360 3151 491 3212 poenam
506 3142 587 3195 terra
600 3140 723 3209 reperta
738 3141 859 3194 meam?

30 3267 152 3370 11581
168 3305 296 3381 quises,
313 3304 442 3364 insultes
458 3305 509 3379 qui
525 3304 657 3378 casibus,
674 3305 822 3380 improbe,
837 3304 959 3381 nostris,

147 3389 259 3465 Meque
272 3402 359 3449 reum
374 3387 497 3464 dempto
512 3387 573 3448 1155
589 3396 732 3451 cruentus
747 3405 831 3464 agas,

109 3473 203 3535 Natus
219 3486 254 3532 es
268 3485 287 3533 e
301 3471 447 3548 scopulis,
463 3472 593 3535 nutritus
608 3476 686 3536 lacte
700 3473 838 3616 1551554*
