<?xml version="1.0" encoding="UTF-8"?>
<!DOCTYPE html PUBLIC "-//W3C//DTD XHTML 1.0 Transitional//EN"
    "http://www.w3.org/TR/xhtml1/DTD/xhtml1-transitional.dtd">
<html xmlns="http://www.w3.org/1999/xhtml" xml:lang="en" lang="en">
 <head>
  <title>
</title>
<meta http-equiv="Content-Type" content="text/html;charset=utf-8" />
  <meta name='ocr-system' content='tesseract 3.04.00' />
  <meta name='ocr-capabilities' content='ocr_page ocr_carea ocr_par ocr_line ocrx_word'/>
</head>
<body>
  <div class='ocr_page' id='page_1' title='image "./povidiusnasoexr00merkgoog_0295.png"; bbox 0 0 2318 3960; ppageno 0'>
   <div class='ocr_carea' id='block_1_1' title="bbox 98 193 729 260">
    <p class='ocr_par' dir='ltr' id='par_1_1' title="bbox 98 193 729 260">
     <span class='ocr_line' id='line_1_1' title="bbox 98 193 729 260; baseline -0.01 0"><span class='ocrx_word' id='word_1_1' title='bbox 98 193 161 260; x_wconf 75' lang='lat'>274</span> <span class='ocrx_word' id='word_1_2' title='bbox 477 193 729 257; x_wconf 74' lang='lat' dir='ltr'>rasrossurt</span> 
     </span>
    </p>
   </div>
   <div class='ocr_carea' id='block_1_2' title="bbox 119 346 932 675">
    <p class='ocr_par' dir='ltr' id='par_1_2' title="bbox 119 346 932 675">
     <span class='ocr_line' id='line_1_2' title="bbox 223 346 861 422; baseline -0.002 -14"><span class='ocrx_word' id='word_1_3' title='bbox 223 349 336 422; x_wconf 69' lang='lat' dir='ltr'>flabit,</span> <span class='ocrx_word' id='word_1_4' title='bbox 350 357 382 408; x_wconf 85' lang='lat' dir='ltr'>et</span> <span class='ocrx_word' id='word_1_5' title='bbox 394 347 506 407; x_wconf 87' lang='lat' dir='ltr'>idaeae</span> <span class='ocrx_word' id='word_1_6' title='bbox 521 346 600 406; x_wconf 81' lang='lat' dir='ltr'>testa</span> <span class='ocrx_word' id='word_1_7' title='bbox 613 346 749 422; x_wconf 89' lang='lat' dir='ltr'>parentis</span> <span class='ocrx_word' id='word_1_8' title='bbox 763 353 861 407; x_wconf 87' lang='lat' dir='ltr'>eruut.</span> 
     </span>
     <span class='ocr_line' id='line_1_3' title="bbox 183 429 932 508; baseline -0.001 -16"><span class='ocrx_word' id='word_1_9' title='bbox 183 433 271 492; x_wconf 89' lang='lat' dir='ltr'>ibunt</span> <span class='ocrx_word' id='word_1_10' title='bbox 283 431 463 492; x_wconf 74' lang='lat' dir='ltr'>semimares</span> <span class='ocrx_word' id='word_1_11' title='bbox 477 437 508 488; x_wconf 92' lang='lat' dir='ltr'>et</span> <span class='ocrx_word' id='word_1_12' title='bbox 521 429 623 488; x_wconf 81' lang='lat' dir='ltr'>inania</span> <span class='ocrx_word' id='word_1_13' title='bbox 635 434 783 508; x_wconf 74' lang='lat' dir='ltr'>tympana</span> <span class='ocrx_word' id='word_1_14' title='bbox 795 429 932 504; x_wconf 80' lang='lat' dir='ltr'>tuudeut,</span> 
     </span>
     <span class='ocr_line' id='line_1_4' title="bbox 223 510 873 590; baseline 0 -16"><span class='ocrx_word' id='word_1_15' title='bbox 223 519 367 590; x_wconf 86' lang='lat' dir='ltr'>Aeraque</span> <span class='ocrx_word' id='word_1_16' title='bbox 381 513 506 574; x_wconf 87' lang='lat' dir='ltr'>tinnitus</span> <span class='ocrx_word' id='word_1_17' title='bbox 521 527 593 572; x_wconf 85' lang='lat' dir='ltr'>uere</span> <span class='ocrx_word' id='word_1_18' title='bbox 606 514 732 588; x_wconf 80' lang='lat' dir='ltr'>repulsa</span> <span class='ocrx_word' id='word_1_19' title='bbox 747 510 873 574; x_wconf 81' lang='lat' dir='ltr'>debunt</span> 
     </span>
     <span class='ocr_line' id='line_1_5' title="bbox 119 595 904 675; baseline -0.003 -15"><span class='ocrx_word' id='word_1_20' title='bbox 119 607 169 661; x_wconf 77' lang='lat'>185</span> <span class='ocrx_word' id='word_1_21' title='bbox 182 600 256 675; x_wconf 89' lang='lat' dir='ltr'>ipsa</span> <span class='ocrx_word' id='word_1_22' title='bbox 270 598 386 658; x_wconf 84' lang='lat' dir='ltr'>sedens</span> <span class='ocrx_word' id='word_1_23' title='bbox 399 596 484 656; x_wconf 86' lang='lat' dir='ltr'>motii</span> <span class='ocrx_word' id='word_1_24' title='bbox 496 595 640 656; x_wconf 83' lang='lat' dir='ltr'>comitrmr</span> <span class='ocrx_word' id='word_1_25' title='bbox 653 595 775 656; x_wconf 81' lang='lat' dir='ltr'>cervice</span> <span class='ocrx_word' id='word_1_26' title='bbox 788 596 904 658; x_wconf 87' lang='lat' dir='ltr'>ieretm·</span> 
     </span>
    </p>
   </div>
   <div class='ocr_carea' id='block_1_3' title="bbox 115 679 1081 3504">
    <p class='ocr_par' dir='ltr' id='par_1_3' title="bbox 115 679 1081 3504">
     <span class='ocr_line' id='line_1_6' title="bbox 222 679 781 756; baseline -0.011 -14"><span class='ocrx_word' id='word_1_27' title='bbox 222 681 313 743; x_wconf 83' lang='lat' dir='ltr'><strong>Urbis</strong></span> <span class='ocrx_word' id='word_1_28' title='bbox 328 695 385 756; x_wconf 91' lang='lat' dir='ltr'>per</span> <span class='ocrx_word' id='word_1_29' title='bbox 399 679 519 739; x_wconf 85' lang='lat' dir='ltr'>medius</span> <span class='ocrx_word' id='word_1_30' title='bbox 534 679 690 740; x_wconf 83' lang='lat' dir='ltr'>exrduiute</span> <span class='ocrx_word' id='word_1_31' title='bbox 700 679 781 740; x_wconf 84' lang='lat' dir='ltr'>vias.</span> 
     </span>
     <span class='ocr_line' id='line_1_7' title="bbox 183 762 1041 843; baseline -0.001 -18"><span class='ocrx_word' id='word_1_32' title='bbox 183 765 303 825; x_wconf 85' lang='lat' dir='ltr'>Scaena</span> <span class='ocrx_word' id='word_1_33' title='bbox 316 770 422 836; x_wconf 85' lang='lat' dir='ltr'>sonat,</span> <span class='ocrx_word' id='word_1_34' title='bbox 436 762 563 838; x_wconf 82' lang='lat' dir='ltr'>rudique</span> <span class='ocrx_word' id='word_1_35' title='bbox 577 770 699 823; x_wconf 81' lang='lat' dir='ltr'>vocant</span> <span class='ocrx_word' id='word_1_36' title='bbox 727 768 881 840; x_wconf 82' lang='lat' dir='ltr'>spectate,</span> <span class='ocrx_word' id='word_1_37' title='bbox 897 763 1041 843; x_wconf 72' lang='lat' dir='ltr'>Quirites,</span> 
     </span>
     <span class='ocr_line' id='line_1_8' title="bbox 223 845 807 922; baseline 0 -16"><span class='ocrx_word' id='word_1_38' title='bbox 223 847 261 907; x_wconf 82' lang='lat' dir='ltr'>Et</span> <span class='ocrx_word' id='word_1_39' title='bbox 275 848 343 907; x_wconf 89' lang='lat' dir='ltr'>iora</span> <span class='ocrx_word' id='word_1_40' title='bbox 355 845 454 907; x_wconf 73' lang='lat' dir='ltr'>nora</span> <span class='ocrx_word' id='word_1_41' title='bbox 467 861 525 906; x_wconf 90' lang='lat' dir='ltr'>suo</span> <span class='ocrx_word' id='word_1_42' title='bbox 540 845 673 922; x_wconf 69' lang='lat' dir='ltr'>litigiosa</span> <span class='ocrx_word' id='word_1_43' title='bbox 688 853 807 907; x_wconf 78' lang='lat' dir='ltr'>vacent</span> 
     </span>
     <span class='ocr_line' id='line_1_9' title="bbox 182 929 988 1004; baseline 0.002 -14"><span class='ocrx_word' id='word_1_44' title='bbox 182 930 335 1004; x_wconf 80' lang='lat' dir='ltr'><strong>Quaerere</strong></span> <span class='ocrx_word' id='word_1_45' title='bbox 348 929 543 1004; x_wconf 76' lang='lat' dir='ltr'>mammet,</span> <span class='ocrx_word' id='word_1_46' title='bbox 558 929 617 991; x_wconf 87' lang='lat' dir='ltr'>sed</span> <span class='ocrx_word' id='word_1_47' title='bbox 629 945 680 990; x_wconf 86' lang='lat' dir='ltr'>me</span> <span class='ocrx_word' id='word_1_48' title='bbox 695 946 793 992; x_wconf 83' lang='lat' dir='ltr'>sonus</span> <span class='ocrx_word' id='word_1_49' title='bbox 807 929 889 991; x_wconf 81' lang='lat' dir='ltr'>aeris</span> <span class='ocrx_word' id='word_1_50' title='bbox 903 932 988 992; x_wconf 74' lang='lat' dir='ltr'>acuti</span> 
     </span>
     <span class='ocr_line' id='line_1_10' title="bbox 120 1013 877 1076; baseline 0 -4"><span class='ocrx_word' id='word_1_51' title='bbox 120 1017 170 1074; x_wconf 83' lang='lat'>190</span> <span class='ocrx_word' id='word_1_52' title='bbox 224 1014 330 1074; x_wconf 83' lang='lat' dir='ltr'>Terret</span> <span class='ocrx_word' id='word_1_53' title='bbox 342 1021 374 1074; x_wconf 88' lang='lat' dir='ltr'>et</span> <span class='ocrx_word' id='word_1_54' title='bbox 386 1013 541 1075; x_wconf 85' lang='lat' dir='ltr'>horrendo</span> <span class='ocrx_word' id='word_1_55' title='bbox 555 1014 638 1074; x_wconf 86' lang='lat' dir='ltr'>lotos</span> <span class='ocrx_word' id='word_1_56' title='bbox 651 1014 773 1074; x_wconf 83' lang='lat' dir='ltr'>adunca</span> <span class='ocrx_word' id='word_1_57' title='bbox 786 1026 877 1076; x_wconf 80' lang='lat' dir='ltr'>sono.</span> 
     </span>
     <span class='ocr_line' id='line_1_11' title="bbox 181 1096 1014 1174; baseline 0 -17"><span class='ocrx_word' id='word_1_58' title='bbox 181 1098 254 1170; x_wconf 62' lang='lat' dir='ltr'>iiia,</span> <span class='ocrx_word' id='word_1_59' title='bbox 275 1097 350 1171; x_wconf 86' lang='lat' dir='ltr'>deu,</span> <span class='ocrx_word' id='word_1_60' title='bbox 368 1112 460 1172; x_wconf 86' lang='lat' dir='ltr'>quem</span> <span class='ocrx_word' id='word_1_61' title='bbox 474 1096 589 1158; x_wconf 70' lang='lat' dir='ltr'>ociter?</span> <span class='ocrx_word' id='word_1_62' title='bbox 618 1099 727 1158; x_wconf 84' lang='lat' dir='ltr'>doctas</span> <span class='ocrx_word' id='word_1_63' title='bbox 741 1097 889 1174; x_wconf 75' lang='lat' dir='ltr'>cybeleia</span> <span class='ocrx_word' id='word_1_64' title='bbox 900 1104 1014 1174; x_wconf 85' lang='lat' dir='ltr'>neptes</span> 
     </span>
     <span class='ocr_line' id='line_1_12' title="bbox 223 1180 891 1255; baseline -0.004 -14"><span class='ocrx_word' id='word_1_65' title='bbox 223 1181 323 1255; x_wconf 81' lang='lat' dir='ltr'>Vidit,</span> <span class='ocrx_word' id='word_1_66' title='bbox 337 1188 369 1241; x_wconf 88' lang='lat' dir='ltr'>et</span> <span class='ocrx_word' id='word_1_67' title='bbox 381 1180 440 1241; x_wconf 85' lang='lat' dir='ltr'>irus</span> <span class='ocrx_word' id='word_1_68' title='bbox 453 1196 547 1241; x_wconf 86' lang='lat' dir='ltr'>curae</span> <span class='ocrx_word' id='word_1_69' title='bbox 561 1180 652 1241; x_wconf 89' lang='lat' dir='ltr'>iussit</span> <span class='ocrx_word' id='word_1_70' title='bbox 664 1180 780 1242; x_wconf 84' lang='lat' dir='ltr'>adesse</span> <span class='ocrx_word' id='word_1_71' title='bbox 793 1195 891 1241; x_wconf 83' lang='lat' dir='ltr'>meae.</span> 
     </span>
     <span class='ocr_line' id='line_1_13' title="bbox 181 1263 1057 1341; baseline 0.001 -17"><span class='ocrx_word' id='word_1_72' title='bbox 181 1264 333 1338; x_wconf 61' lang='lat' dir='ltr'>‘Pandite</span> <span class='ocrx_word' id='word_1_73' title='bbox 349 1263 485 1324; x_wconf 84' lang='lat' dir='ltr'>mandati</span> <span class='ocrx_word' id='word_1_74' title='bbox 498 1278 666 1340; x_wconf 80' lang='lat' dir='ltr'>memores,</span> <span class='ocrx_word' id='word_1_75' title='bbox 679 1264 835 1325; x_wconf 84' lang='lat' dir='ltr'>Heliconis</span> <span class='ocrx_word' id='word_1_76' title='bbox 853 1264 1008 1341; x_wconf 64' lang='lat' dir='ltr'>niumm</span> <span class='ocrx_word' id='word_1_77' title='bbox 1052 1308 1057 1314; x_wconf 83' lang='lat'><em>-</em></span> 
     </span>
     <span class='ocr_line' id='line_1_14' title="bbox 222 1346 891 1422; baseline 0 -15"><span class='ocrx_word' id='word_1_78' title='bbox 222 1347 361 1408; x_wconf 85' lang='lat' dir='ltr'>Gaudeat</span> <span class='ocrx_word' id='word_1_79' title='bbox 378 1346 506 1408; x_wconf 90' lang='lat' dir='ltr'>assiduo</span> <span class='ocrx_word' id='word_1_80' title='bbox 520 1362 576 1408; x_wconf 88' lang='lat' dir='ltr'>cur</span> <span class='ocrx_word' id='word_1_81' title='bbox 588 1347 649 1407; x_wconf 92' lang='lat' dir='ltr'>dea</span> <span class='ocrx_word' id='word_1_82' title='bbox 660 1347 774 1422; x_wconf 75' lang='lat' dir='ltr'>Magna</span> <span class='ocrx_word' id='word_1_83' title='bbox 787 1353 891 1409; x_wconf 68' lang='lat' dir='ltr'>sono!</span> 
     </span>
     <span class='ocr_line' id='line_1_15' title="bbox 120 1430 947 1509; baseline -0.002 -15"><span class='ocrx_word' id='word_1_84' title='bbox 120 1441 172 1496; x_wconf 73' lang='lat' dir='ltr'>lea</span> <span class='ocrx_word' id='word_1_85' title='bbox 186 1431 238 1493; x_wconf 89' lang='lat' dir='ltr'>Sic</span> <span class='ocrx_word' id='word_1_86' title='bbox 251 1446 321 1506; x_wconf 74' lang='lat' dir='ltr'>ego.</span> <span class='ocrx_word' id='word_1_87' title='bbox 350 1431 397 1491; x_wconf 88' lang='lat' dir='ltr'>sie</span> <span class='ocrx_word' id='word_1_88' title='bbox 416 1430 508 1491; x_wconf 77' lang='lat' dir='ltr'>Erato</span> <span class='ocrx_word' id='word_1_89' title='bbox 571 1431 688 1491; x_wconf 86' lang='lat' dir='ltr'>mensis</span> <span class='ocrx_word' id='word_1_90' title='bbox 703 1430 886 1509; x_wconf 71' lang='lat' dir='ltr'>cythereius</span> <span class='ocrx_word' id='word_1_91' title='bbox 901 1431 947 1492; x_wconf 87' lang='lat' dir='ltr'>iiii</span> 
     </span>
     <span class='ocr_line' id='line_1_16' title="bbox 226 1513 960 1591; baseline -0.001 -16"><span class='ocrx_word' id='word_1_92' title='bbox 226 1515 340 1587; x_wconf 82' lang='lat' dir='ltr'>Gessit,</span> <span class='ocrx_word' id='word_1_93' title='bbox 357 1514 444 1591; x_wconf 88' lang='lat' dir='ltr'>quod</span> <span class='ocrx_word' id='word_1_94' title='bbox 455 1514 552 1574; x_wconf 86' lang='lat' dir='ltr'>teneri</span> <span class='ocrx_word' id='word_1_95' title='bbox 570 1529 682 1574; x_wconf 89' lang='lat' dir='ltr'>nomen</span> <span class='ocrx_word' id='word_1_96' title='bbox 695 1513 821 1576; x_wconf 82' lang='lat' dir='ltr'>Amoris</span> <span class='ocrx_word' id='word_1_97' title='bbox 834 1514 960 1575; x_wconf 83' lang='lat' dir='ltr'>habet..</span> 
     </span>
     <span class='ocr_line' id='line_1_17' title="bbox 182 1595 1039 1675; baseline 0 -17"><span class='ocrx_word' id='word_1_98' title='bbox 182 1597 326 1659; x_wconf 75' lang='lat' dir='ltr'>‘Reddita</span> <span class='ocrx_word' id='word_1_99' title='bbox 338 1596 470 1657; x_wconf 75' lang='lat' dir='ltr'>summo</span> <span class='ocrx_word' id='word_1_100' title='bbox 485 1613 555 1658; x_wconf 83' lang='lat' dir='ltr'>sors</span> <span class='ocrx_word' id='word_1_101' title='bbox 572 1597 651 1657; x_wconf 84' lang='lat' dir='ltr'>haee</span> <span class='ocrx_word' id='word_1_102' title='bbox 663 1605 745 1671; x_wconf 89' lang='lat' dir='ltr'>erut,</span> <span class='ocrx_word' id='word_1_103' title='bbox 760 1595 909 1674; x_wconf 76' lang='lat' dir='ltr'>“Optime</span> <span class='ocrx_word' id='word_1_104' title='bbox 920 1613 1039 1675; x_wconf 60' lang='lat' dir='ltr'>remim,</span> 
     </span>
     <span class='ocr_line' id='line_1_18' title="bbox 221 1680 770 1756; baseline -0.004 -15"><span class='ocrx_word' id='word_1_105' title='bbox 221 1684 251 1741; x_wconf 79' lang='lat' dir='ltr'>A</span> <span class='ocrx_word' id='word_1_106' title='bbox 265 1686 338 1741; x_wconf 83' lang='lat' dir='ltr'>ueto</span> <span class='ocrx_word' id='word_1_107' title='bbox 353 1681 487 1756; x_wconf 76' lang='lat' dir='ltr'>sceptris</span> <span class='ocrx_word' id='word_1_108' title='bbox 505 1680 659 1740; x_wconf 78' lang='lat' dir='ltr'>excutiere</span> <span class='ocrx_word' id='word_1_109' title='bbox 673 1681 770 1740; x_wconf 85' lang='lat' dir='ltr'>tuis.”</span> 
     </span>
     <span class='ocr_line' id='line_1_19' title="bbox 181 1764 1036 1840; baseline 0.004 -17"><span class='ocrx_word' id='word_1_110' title='bbox 181 1765 235 1824; x_wconf 89' lang='lat' dir='ltr'>lile</span> <span class='ocrx_word' id='word_1_111' title='bbox 249 1780 337 1824; x_wconf 88' lang='lat' dir='ltr'>suam</span> <span class='ocrx_word' id='word_1_112' title='bbox 350 1771 505 1836; x_wconf 88' lang='lat' dir='ltr'>metuens,</span> <span class='ocrx_word' id='word_1_113' title='bbox 518 1769 552 1823; x_wconf 92' lang='lat' dir='ltr'>ut</span> <span class='ocrx_word' id='word_1_114' title='bbox 565 1778 707 1840; x_wconf 87' lang='lat' dir='ltr'>quaeque</span> <span class='ocrx_word' id='word_1_115' title='bbox 720 1771 786 1824; x_wconf 87' lang='lat' dir='ltr'>erat</span> <span class='ocrx_word' id='word_1_116' title='bbox 800 1764 899 1836; x_wconf 84' lang='lat' dir='ltr'>edita,</span> <span class='ocrx_word' id='word_1_117' title='bbox 914 1765 1036 1840; x_wconf 89' lang='lat' dir='ltr'>prolem</span> 
     </span>
     <span class='ocr_line' id='line_1_20' title="bbox 119 1846 919 1922; baseline -0.001 -14"><span class='ocrx_word' id='word_1_118' title='bbox 119 1864 171 1916; x_wconf 75' lang='lat' dir='ltr'>mo</span> <span class='ocrx_word' id='word_1_119' title='bbox 224 1849 374 1918; x_wconf 79' lang='lat' dir='ltr'>Devorer,</span> <span class='ocrx_word' id='word_1_120' title='bbox 393 1847 566 1906; x_wconf 77' lang='lat' dir='ltr'>immersam</span> <span class='ocrx_word' id='word_1_121' title='bbox 580 1846 814 1922; x_wconf 75' lang='lat' dir='ltr'>visceribusque</span> <span class='ocrx_word' id='word_1_122' title='bbox 825 1854 919 1908; x_wconf 82' lang='lat' dir='ltr'>terret</span> 
     </span>
     <span class='ocr_line' id='line_1_21' title="bbox 184 1930 1081 2008; baseline 0.002 -16"><span class='ocrx_word' id='word_1_123' title='bbox 184 1930 286 2006; x_wconf 82' lang='lat' dir='ltr'>Saepe</span> <span class='ocrx_word' id='word_1_124' title='bbox 299 1930 387 1991; x_wconf 77' lang='lat' dir='ltr'>Rhea</span> <span class='ocrx_word' id='word_1_125' title='bbox 400 1937 512 2006; x_wconf 77' lang='lat' dir='ltr'>questa</span> <span class='ocrx_word' id='word_1_126' title='bbox 523 1936 587 2002; x_wconf 84' lang='lat' dir='ltr'>est,</span> <span class='ocrx_word' id='word_1_127' title='bbox 601 1931 713 1990; x_wconf 85' lang='lat' dir='ltr'>totiens</span> <span class='ocrx_word' id='word_1_128' title='bbox 727 1931 882 1992; x_wconf 77' lang='lat' dir='ltr'>foecunde</span> <span class='ocrx_word' id='word_1_129' title='bbox 893 1945 953 1992; x_wconf 85' lang='lat' dir='ltr'>uec</span> <span class='ocrx_word' id='word_1_130' title='bbox 965 1946 1081 2008; x_wconf 79' lang='lat' dir='ltr'>umque</span> 
     </span>
     <span class='ocr_line' id='line_1_22' title="bbox 222 2013 774 2088; baseline 0 -14"><span class='ocrx_word' id='word_1_131' title='bbox 222 2014 335 2088; x_wconf 75' lang='lat' dir='ltr'>Mater,</span> <span class='ocrx_word' id='word_1_132' title='bbox 354 2020 386 2073; x_wconf 87' lang='lat' dir='ltr'>et</span> <span class='ocrx_word' id='word_1_133' title='bbox 399 2013 529 2074; x_wconf 80' lang='lat' dir='ltr'>indoluit</span> <span class='ocrx_word' id='word_1_134' title='bbox 542 2013 694 2073; x_wconf 78' lang='lat' dir='ltr'>fertilitate</span> <span class='ocrx_word' id='word_1_135' title='bbox 707 2029 774 2074; x_wconf 81' lang='lat' dir='ltr'>sua</span> 
     </span>
     <span class='ocr_line' id='line_1_23' title="bbox 181 2098 967 2256; baseline 0 -16"><span class='ocrx_word' id='word_1_136' title='bbox 181 2098 967 2256; x_wconf 51' lang='lat' dir='ltr'>iiiiifdmissiri‘fflifflw</span> 
     </span>
     <span class='ocr_line' id='line_1_24' title="bbox 118 2263 891 2338; baseline 0 -12"><span class='ocrx_word' id='word_1_137' title='bbox 118 2274 169 2326; x_wconf 71' lang='lat' dir='ltr'>too</span> <span class='ocrx_word' id='word_1_138' title='bbox 184 2266 279 2324; x_wconf 86' lang='lat' dir='ltr'>Veste</span> <span class='ocrx_word' id='word_1_139' title='bbox 292 2264 391 2323; x_wconf 78' lang='lat' dir='ltr'>tuens</span> <span class='ocrx_word' id='word_1_140' title='bbox 405 2279 514 2324; x_wconf 83' lang='lat' dir='ltr'>saxum</span> <span class='ocrx_word' id='word_1_141' title='bbox 528 2264 654 2323; x_wconf 83' lang='lat' dir='ltr'>caelesti</span> <span class='ocrx_word' id='word_1_142' title='bbox 667 2270 788 2338; x_wconf 80' lang='lat' dir='ltr'>gutture</span> <span class='ocrx_word' id='word_1_143' title='bbox 800 2263 891 2326; x_wconf 81' lang='lat' dir='ltr'>sedit</span> 
     </span>
     <span class='ocr_line' id='line_1_25' title="bbox 223 2345 802 2421; baseline 0.005 -15"><span class='ocrx_word' id='word_1_144' title='bbox 223 2345 276 2406; x_wconf 88' lang='lat' dir='ltr'>Sic</span> <span class='ocrx_word' id='word_1_145' title='bbox 289 2346 411 2420; x_wconf 79' lang='lat' dir='ltr'>genitor</span> <span class='ocrx_word' id='word_1_146' title='bbox 427 2346 497 2406; x_wconf 80' lang='lat' dir='ltr'>satis</span> <span class='ocrx_word' id='word_1_147' title='bbox 511 2345 713 2421; x_wconf 84' lang='lat' dir='ltr'>decipiendus</span> <span class='ocrx_word' id='word_1_148' title='bbox 727 2357 802 2409; x_wconf 81' lang='lat' dir='ltr'>erut</span> 
     </span>
     <span class='ocr_line' id='line_1_26' title="bbox 180 2429 875 2504; baseline 0.003 -15"><span class='ocrx_word' id='word_1_149' title='bbox 180 2429 289 2489; x_wconf 80' lang='lat' dir='ltr'>Ardua</span> <span class='ocrx_word' id='word_1_150' title='bbox 301 2429 362 2488; x_wconf 88' lang='lat' dir='ltr'>iam</span> <span class='ocrx_word' id='word_1_151' title='bbox 375 2429 490 2490; x_wconf 89' lang='lat' dir='ltr'>dudum</span> <span class='ocrx_word' id='word_1_152' title='bbox 503 2436 630 2489; x_wconf 85' lang='lat' dir='ltr'>resonat</span> <span class='ocrx_word' id='word_1_153' title='bbox 641 2429 798 2491; x_wconf 64' lang='lat' dir='ltr'>tinniaous</span> <span class='ocrx_word' id='word_1_154' title='bbox 811 2430 875 2504; x_wconf 92' lang='lat' dir='ltr'>lde,</span> 
     </span>
     <span class='ocr_line' id='line_1_27' title="bbox 220 2512 769 2588; baseline -0.005 -15"><span class='ocrx_word' id='word_1_155' title='bbox 220 2514 316 2573; x_wconf 88' lang='lat' dir='ltr'>Tutus</span> <span class='ocrx_word' id='word_1_156' title='bbox 328 2519 363 2572; x_wconf 91' lang='lat' dir='ltr'>ut</span> <span class='ocrx_word' id='word_1_157' title='bbox 376 2512 483 2573; x_wconf 79' lang='lat' dir='ltr'>infanti</span> <span class='ocrx_word' id='word_1_158' title='bbox 496 2512 599 2588; x_wconf 76' lang='lat' dir='ltr'>vagiat</span> <span class='ocrx_word' id='word_1_159' title='bbox 614 2528 667 2573; x_wconf 90' lang='lat' dir='ltr'>ore</span> <span class='ocrx_word' id='word_1_160' title='bbox 681 2530 769 2588; x_wconf 89' lang='lat' dir='ltr'>puer.</span> 
     </span>
     <span class='ocr_line' id='line_1_28' title="bbox 181 2596 1001 2672; baseline -0.001 -16"><span class='ocrx_word' id='word_1_161' title='bbox 181 2599 256 2656; x_wconf 84' lang='lat' dir='ltr'>Pars</span> <span class='ocrx_word' id='word_1_162' title='bbox 270 2597 387 2671; x_wconf 87' lang='lat' dir='ltr'>clipeos</span> <span class='ocrx_word' id='word_1_163' title='bbox 401 2596 544 2666; x_wconf 74' lang='lat' dir='ltr'>mdmus,</span> <span class='ocrx_word' id='word_1_164' title='bbox 559 2597 665 2671; x_wconf 81' lang='lat' dir='ltr'>gaicus</span> <span class='ocrx_word' id='word_1_165' title='bbox 679 2613 753 2672; x_wconf 91' lang='lat' dir='ltr'>pars</span> <span class='ocrx_word' id='word_1_166' title='bbox 766 2597 866 2658; x_wconf 84' lang='lat' dir='ltr'>tundit</span> <span class='ocrx_word' id='word_1_167' title='bbox 878 2597 1001 2659; x_wconf 63' lang='lat' dir='ltr'>inanest</span> 
     </span>
     <span class='ocr_line' id='line_1_29' title="bbox 115 2679 952 2758; baseline 0.004 -22"><span class='ocrx_word' id='word_1_168' title='bbox 115 2685 169 2737; x_wconf 74' lang='lat'>210</span> <span class='ocrx_word' id='word_1_169' title='bbox 222 2680 290 2741; x_wconf 85' lang='lat' dir='ltr'>Hoc</span> <span class='ocrx_word' id='word_1_170' title='bbox 305 2680 429 2741; x_wconf 79' lang='lat' dir='ltr'>cmutes</span> <span class='ocrx_word' id='word_1_171' title='bbox 442 2679 568 2754; x_wconf 80' lang='lat' dir='ltr'>hebent,</span> <span class='ocrx_word' id='word_1_172' title='bbox 581 2679 642 2741; x_wconf 86' lang='lat' dir='ltr'>hoc</span> <span class='ocrx_word' id='word_1_173' title='bbox 656 2679 846 2756; x_wconf 75' lang='lat' dir='ltr'>Corybantes</span> <span class='ocrx_word' id='word_1_174' title='bbox 860 2696 952 2758; x_wconf 89' lang='lat' dir='ltr'>opus.</span> 
     </span>
     <span class='ocr_line' id='line_1_30' title="bbox 181 2763 946 2839; baseline -0.001 -14"><span class='ocrx_word' id='word_1_175' title='bbox 181 2766 245 2825; x_wconf 88' lang='lat' dir='ltr'>Res</span> <span class='ocrx_word' id='word_1_176' title='bbox 260 2763 346 2824; x_wconf 81' lang='lat' dir='ltr'>latuit</span> <span class='ocrx_word' id='word_1_177' title='bbox 359 2771 485 2839; x_wconf 88' lang='lat' dir='ltr'>petrem.</span> <span class='ocrx_word' id='word_1_178' title='bbox 514 2763 670 2839; x_wconf 86' lang='lat' dir='ltr'>priscique</span> <span class='ocrx_word' id='word_1_179' title='bbox 684 2763 850 2824; x_wconf 90' lang='lat' dir='ltr'>imitamina</span> <span class='ocrx_word' id='word_1_180' title='bbox 863 2765 946 2836; x_wconf 78' lang='lat' dir='ltr'>iacti,</span> 
     </span>
     <span class='ocr_line' id='line_1_31' title="bbox 222 2847 960 2922; baseline 0 -15"><span class='ocrx_word' id='word_1_181' title='bbox 222 2850 306 2907; x_wconf 86' lang='lat' dir='ltr'>Aera</span> <span class='ocrx_word' id='word_1_182' title='bbox 321 2847 399 2907; x_wconf 83' lang='lat' dir='ltr'>deae</span> <span class='ocrx_word' id='word_1_183' title='bbox 413 2847 541 2907; x_wconf 77' lang='lat' dir='ltr'>comites</span> <span class='ocrx_word' id='word_1_184' title='bbox 555 2862 711 2920; x_wconf 85' lang='lat' dir='ltr'>raucaque</span> <span class='ocrx_word' id='word_1_185' title='bbox 723 2854 812 2922; x_wconf 76' lang='lat' dir='ltr'>terga</span> <span class='ocrx_word' id='word_1_186' title='bbox 824 2853 960 2908; x_wconf 79' lang='lat' dir='ltr'>movent</span> 
     </span>
     <span class='ocr_line' id='line_1_32' title="bbox 183 2930 1022 3008; baseline -0.004 -21"><span class='ocrx_word' id='word_1_187' title='bbox 183 2930 330 3008; x_wconf 77' lang='lat' dir='ltr'>cymbala</span> <span class='ocrx_word' id='word_1_188' title='bbox 343 2947 401 3007; x_wconf 93' lang='lat' dir='ltr'>pro</span> <span class='ocrx_word' id='word_1_189' title='bbox 414 2930 526 3005; x_wconf 80' lang='lat' dir='ltr'>galeis,</span> <span class='ocrx_word' id='word_1_190' title='bbox 541 2947 599 3006; x_wconf 93' lang='lat' dir='ltr'>pro</span> <span class='ocrx_word' id='word_1_191' title='bbox 612 2930 708 2990; x_wconf 90' lang='lat' dir='ltr'>scutis</span> <span class='ocrx_word' id='word_1_192' title='bbox 721 2937 870 3007; x_wconf 73' lang='lat' dir='ltr'>tympana</span> <span class='ocrx_word' id='word_1_193' title='bbox 883 2932 1022 3006; x_wconf 64' lang='lat' dir='ltr'>pulsares</span> 
     </span>
     <span class='ocr_line' id='line_1_33' title="bbox 219 3013 947 3092; baseline 0.004 -20"><span class='ocrx_word' id='word_1_194' title='bbox 219 3013 305 3073; x_wconf 78' lang='lat' dir='ltr'>Tibia</span> <span class='ocrx_word' id='word_1_195' title='bbox 318 3013 372 3073; x_wconf 84' lang='lat' dir='ltr'>dot</span> <span class='ocrx_word' id='word_1_196' title='bbox 383 3013 551 3092; x_wconf 81' lang='lat' dir='ltr'>Phrygios,</span> <span class='ocrx_word' id='word_1_197' title='bbox 566 3020 599 3074; x_wconf 91' lang='lat' dir='ltr'>ut</span> <span class='ocrx_word' id='word_1_198' title='bbox 612 3013 697 3074; x_wconf 84' lang='lat' dir='ltr'>dedit</span> <span class='ocrx_word' id='word_1_199' title='bbox 710 3020 796 3087; x_wconf 87' lang='lat' dir='ltr'>unte,</span> <span class='ocrx_word' id='word_1_200' title='bbox 811 3014 947 3075; x_wconf 68' lang='lat' dir='ltr'>modos?</span> 
     </span>
     <span class='ocr_line' id='line_1_34' title="bbox 118 3097 980 3172; baseline 0 -16"><span class='ocrx_word' id='word_1_201' title='bbox 118 3105 171 3158; x_wconf 79' lang='lat'>215</span> <span class='ocrx_word' id='word_1_202' title='bbox 184 3097 333 3156; x_wconf 79' lang='lat' dir='ltr'>Desierat</span> <span class='ocrx_word' id='word_1_203' title='bbox 361 3098 465 3172; x_wconf 79' lang='lat' dir='ltr'>coepi=</span> <span class='ocrx_word' id='word_1_204' title='bbox 482 3098 556 3157; x_wconf 69' lang='lat' dir='ltr'>‘cur</span> <span class='ocrx_word' id='word_1_205' title='bbox 568 3097 640 3156; x_wconf 89' lang='lat' dir='ltr'>huic</span> <span class='ocrx_word' id='word_1_206' title='bbox 655 3111 754 3172; x_wconf 81' lang='lat' dir='ltr'>genus</span> <span class='ocrx_word' id='word_1_207' title='bbox 769 3113 855 3171; x_wconf 87' lang='lat' dir='ltr'>acre,</span> <span class='ocrx_word' id='word_1_208' title='bbox 872 3097 980 3156; x_wconf 86' lang='lat' dir='ltr'>icones</span> 
     </span>
     <span class='ocr_line' id='line_1_35' title="bbox 225 3179 911 3255; baseline -0.001 -16"><span class='ocrx_word' id='word_1_209' title='bbox 225 3179 375 3240; x_wconf 85' lang='lat' dir='ltr'>Praebent</span> <span class='ocrx_word' id='word_1_210' title='bbox 387 3181 526 3240; x_wconf 80' lang='lat' dir='ltr'>insolitas</span> <span class='ocrx_word' id='word_1_211' title='bbox 540 3181 582 3240; x_wconf 89' lang='lat' dir='ltr'>ad</span> <span class='ocrx_word' id='word_1_212' title='bbox 596 3181 668 3255; x_wconf 78' lang='lat' dir='ltr'>iuga</span> <span class='ocrx_word' id='word_1_213' title='bbox 680 3195 774 3239; x_wconf 87' lang='lat' dir='ltr'>curva</span> <span class='ocrx_word' id='word_1_214' title='bbox 787 3180 911 3240; x_wconf 74' lang='lat' dir='ltr'>iubeor·</span> 
     </span>
     <span class='ocr_line' id='line_1_36' title="bbox 184 3263 941 3339; baseline 0.001 -18"><span class='ocrx_word' id='word_1_215' title='bbox 184 3263 350 3322; x_wconf 82' lang='lat' dir='ltr'>Desierum.</span> <span class='ocrx_word' id='word_1_216' title='bbox 378 3264 496 3339; x_wconf 88' lang='lat' dir='ltr'>coepit=</span> <span class='ocrx_word' id='word_1_217' title='bbox 515 3263 645 3324; x_wconf 68' lang='lat' dir='ltr'>‘Feritas</span> <span class='ocrx_word' id='word_1_218' title='bbox 660 3263 776 3323; x_wconf 84' lang='lat' dir='ltr'>mollita</span> <span class='ocrx_word' id='word_1_219' title='bbox 788 3278 846 3339; x_wconf 90' lang='lat' dir='ltr'>per</span> <span class='ocrx_word' id='word_1_220' title='bbox 857 3263 941 3323; x_wconf 88' lang='lat' dir='ltr'>iliam</span> 
     </span>
     <span class='ocr_line' id='line_1_37' title="bbox 224 3343 872 3409; baseline 0.005 -5"><span class='ocrx_word' id='word_1_221' title='bbox 224 3343 373 3406; x_wconf 73' lang='lat' dir='ltr'>creditum</span> <span class='ocrx_word' id='word_1_222' title='bbox 402 3347 434 3406; x_wconf 93' lang='lat' dir='ltr'>id</span> <span class='ocrx_word' id='word_1_223' title='bbox 448 3362 538 3406; x_wconf 84' lang='lat' dir='ltr'>curru</span> <span class='ocrx_word' id='word_1_224' title='bbox 552 3347 714 3409; x_wconf 78' lang='lat' dir='ltr'>testificata</span> <span class='ocrx_word' id='word_1_225' title='bbox 726 3362 788 3407; x_wconf 91' lang='lat' dir='ltr'>suo</span> <span class='ocrx_word' id='word_1_226' title='bbox 800 3351 872 3407; x_wconf 76' lang='lat' dir='ltr'>est’</span> 
     </span>
     <span class='ocr_line' id='line_1_38' title="bbox 184 3429 921 3504; baseline 0.001 -16"><span class='ocrx_word' id='word_1_227' title='bbox 184 3431 238 3488; x_wconf 70' lang='lat' dir='ltr'>‘At</span> <span class='ocrx_word' id='word_1_228' title='bbox 251 3443 306 3488; x_wconf 88' lang='lat' dir='ltr'>cur</span> <span class='ocrx_word' id='word_1_229' title='bbox 319 3429 459 3490; x_wconf 78' lang='lat' dir='ltr'>turrifera</span> <span class='ocrx_word' id='word_1_230' title='bbox 476 3439 569 3504; x_wconf 83' lang='lat' dir='ltr'>caput</span> <span class='ocrx_word' id='word_1_231' title='bbox 580 3439 629 3492; x_wconf 88' lang='lat' dir='ltr'>est</span> <span class='ocrx_word' id='word_1_232' title='bbox 643 3437 769 3492; x_wconf 73' lang='lat' dir='ltr'>onenta</span> <span class='ocrx_word' id='word_1_233' title='bbox 783 3435 921 3491; x_wconf 73' lang='lat' dir='ltr'>coruunt</span> 
     </span>
    </p>
   </div>
   <div class='ocr_carea' id='block_1_4' title="bbox 0 0 1164 3960">
    <p class='ocr_par' dir='ltr' id='par_1_4' title="bbox 0 0 1164 3960">
     <span class='ocr_line' id='line_1_39' title="bbox 0 0 1164 3960; baseline 0 0"><span class='ocrx_word' id='word_1_234' title='bbox 0 0 1164 3960; x_wconf 95' lang='lat' dir='ltr'> </span> 
     </span>
    </p>
   </div>
  </div>
 </body>
</html>
