2318 3960
442 168 480 242 v,
505 163 534 241 7,
558 168 725 246 1-111
1050 171 1093 237 ar

199 321 277 383 iisse
291 320 365 381 nihil
380 327 442 382 toto
459 322 575 382 tristius
590 321 664 383 orbe
681 329 796 398 potesl=

113 415 148 469 15
161 405 235 467 Sive
248 405 398 478 homines,
421 404 475 464 vix
489 411 560 467 sunt
573 405 713 466 homines
728 405 788 466 hoc
804 406 926 468 nomine
940 408 1033 490 digni,

198 489 355 565 Quamque
369 489 442 565 lupi,
464 504 578 550 saevae
591 492 662 566 plus
678 489 805 551 feritatis
820 490 942 551 habent.

155 574 222 634 Non
238 580 371 633 metuunt
385 573 480 647 leges,
500 573 557 633 sed
573 574 654 634 cedit
668 572 783 633 viribus
799 590 940 652 aequum,

196 657 351 733 victaque
361 657 495 731 pugnaci
509 657 576 717 iura
590 656 648 717 sub
663 671 738 716 ense
753 657 862 718 iacent.

154 740 287 801 Pellibus
302 746 332 801 11
345 740 425 800 laxis
440 747 545 800 arcent
558 741 639 801 mala
651 740 766 815 frigora
779 740 910 818 braccis,

110 835 148 888 10
199 822 321 900 Oraque
335 830 407 884 sunt
420 825 521 900 longis
536 824 755 884 horrida-tecta
769 826 876 886 comis.

155 908 188 967 ln
205 908 313 984 paucis
328 913 487 968 remanent
501 909 639 991 Graecae
652 907 783 984 vestigia
799 910 928 986 linguae,

196 990 280 1052 Haec
295 1006 421 1066 quoque
434 991 496 1052 iam
510 991 616 1053 Geticb
630 990 762 1053 barbara
777 993 857 1053 iacta
870 1009 960 1056 sono.

154 1076 240 1136 Unus
254 1076 286 1135 in
300 1075 364 1135 hoc·
374 1091 435 1135 non
451 1083 499 1138 est
512 1077 639 1152 populo,
662 1077 714 1150 qui
730 1078 806 1139 iorte
820 1076 926 1138 Latine

174 1154 178 1160 ’
196 1157 354 1232 Quaelibet
367 1175 385 1218 1
398 1160 501 1220 medio
515 1160 647 1221 reddare
661 1160 757 1220 verba
772 1167 873 1236 queat.

108 1242 208 1304 151111
224 1258 283 1318 ego
297 1243 456 1304 Romanus
471 1251 595 1305 vates...
612 1244 770 1318 ignoscite,
787 1244 930 1305 Musael..

196 1325 364 1388 Sarmatico
379 1342 477 1402 cogor
489 1328 621 1402 plurima
635 1343 720 1386 more
734 1328 828 1402 loqui.

152 1410 197 1468 En
212 1411 309 1486 pudet
322 1417 353 1470 el
369 1412 475 1486 fateor,
497 1411 558 1471 iam
574 1410 777 1471 desuetudine
792 1411 884 1486 longa

193 1494 255 1554 Vix
270 1493 402 1556 subeunt
415 1494 476 1571 ipsi
493 1495 585 1556 verba
599 1496 707 1556 Latiae
721 1494 803 1554 mihi.
885 1505 887 1510 “

154 1577 217 1636 Nec
227 1577 346 1654 dubito,
370 1579 443 1656 quin
458 1579 520 1640 sint
533 1586 564 1640 et
576 1579 606 1638 in
621 1579 681 1639 lroc
695 1594 757 1638 non
771 1594 871 1654 pauca
884 1577 987 1640 libello

105 1665 144 1720 60
192 1660 337 1722 Barbara.
370 1679 432 1723 non
446 1662 579 1724 hominis
595 1664 694 1740 culpa,
717 1663 774 1723 sed
787 1663 847 1725 1111
860 1663 930 1723 loci.

150 1744 194 1804 Ne
207 1751 308 1806 tamen
322 1745 482 1808 Ausoniae
496 1746 624 1823 perdam
640 1746 823 1807 commercia
837 1747 967 1822 linguae,

190 1828 227 1888 El
241 1829 295 1890 liat
309 1829 407 1906 patrio
423 1845 487 1891 vox
500 1847 569 1892 mea
584 1837 666 1891 muta
681 1845 769 1904 sono,
956 1835 958 1838 ’

150 1912 223 1986 lpse
237 1913 350 1988 loquor
363 1929 482 1974 mecum
496 1914 687 1989 desuetaque
701 1914 797 1973 verba
810 1920 951 1990 retracto,

189 1995 227 2056 Et
240 1998 333 2058 studii
347 2005 455 2073 repeto
470 1998 558 2073 signa
572 2000 698 2059 sinislra
711 1999 782 2057 mei.

105 2078 205 2142 01811
219 2079 353 2142 animum
367 2088 552 2158 tempusque
566 2083 663 2157 traho,
685 2096 796 2157 meque
810 2081 878 2156 ipse
891 2080 1007 2144 reduco
1111 2105 1116 2130 ι

189 2166 218 2223 Α
234 2167 439 2242 contemptam
455 2166 661 2243 dimoveoque
674 2166 755 2225 mali.

149 2247 338 2310 Carminibus
355 2265 470 2325 quaero
485 2251 663 2313 miserarum
680 2246 793 2309 oblivia
805 2263 921 2307 rerum:

188 2332 326 2394 Praemia
339 2335 367 2394 si
381 2333 483 2393 studio
499 2351 672 2410 consequar
687 2335 759 2406 ista,
783 2338 831 2393 sat
844 2337 900 2392 est.

88 2463 131 2558 80
146 2463 220 2558 Non
235 2500 314 2559 adeo
331 2499 438 2573 cecidi,
462 2498 601 2573 quamvis
616 2497 762 2571 abiectus,
784 2504 817 2556 ut
830 2496 908 2556 inira

188 2585 230 2643 Te
246 2598 369 2659 quoque
384 2582 451 2657 sim,
473 2581 600 2641 inferius
616 2598 677 2656 quo
692 2581 768 2649 nihil,
781 2596 852 2640 esse
867 2586 978 2654 potest.

150 2667 233 2741 Quae
247 2666 301 2727 tibi
314 2682 366 2727 res
381 2666 500 2729 animos
514 2665 545 2724 in
559 2677 610 2724 me
624 2665 704 2736 iacit
727 2664 887 2738 improbar
910 2679 1004 2725 curve

192 2749 320 2811 casibus
335 2751 473 2824 insultas,
497 2764 576 2825 quos
591 2754 680 2824 poles
695 2748 767 2821 ipse
779 2748 864 2823 palii

120 2834 212 2896 5Nec
226 2835 307 2895 mala
320 2841 350 2894 te
363 2834 499 2895 reddunt
513 2833 615 2893 mitem
629 2830 824 2908 placidumve
839 2830 949 2892 iacenti

189 2918 309 2993 Nostra,
331 2917 442 2994 quibus
457 2917 579 2994 possint
592 2915 783 2976 inlacrimare
799 2915 902 2973 111111

148 3001 210 3061 Ν11
225 3002 333 3062 metuis
349 3002 443 3062 dubio
458 3000 609 3061 Fortunae
624 2999 732 3060 stantis
747 2999 777 3057 in
797 2996 871 3058 orbe

188 3086 314 3162 Numen,
337 3092 368 3146 11
382 3100 499 3156 exosae
514 3083 609 3145 verba
621 3082 759 3159 superba
772 3081 869 3141 deaei

147 3169 257 3245 Exiget
270 3177 304 3230 a!
330 3169 440 3245 dignas
454 3169 545 3229 ultrix
559 3165 748 3229 Rhamnusia
762 3179 889 3240 poenas,

108 3261 141 3313 10
192 3253 331 3330 inposito
347 3256 448 3314 calcas
465 3252 549 3328 quod
563 3267 632 3312 mea
646 3252 707 3311 iata
721 3249 813 3326 pede.

148 3334 220 3398 Vidi
234 3353 292 3414 ego
307 3337 497 3413 naufragium
512 3335 564 3410 qui
578 3334 661 3410 rasit,
682 3334 714 3393 in
729 3348 864 3409 aequore
879 3331 982 3409 mergi,

186 3418 224 3483 lit
237 3421 433 3500 ‘Numquam’
448 3419 512 3482 dixi
527 3418 647 3481 ‘iustior
660 3416 744 3479 unda
759 3416 836 3480 luit!
