2318 3960
98 215 159 281 164
497 217 555 276 EX
575 213 720 277 ΡΟΝΤΟ

137 380 171 432 45
183 369 310 431 Nomina
326 385 386 430 neu
398 371 529 430 referam
543 369 668 441 longum
684 368 812 428 collecta
825 386 883 445 per
897 387 1019 450 aevum,

221 454 378 528 Discipulo
394 455 472 528 pcrii
487 453 572 511 solus
587 451 626 510 ab
642 451 710 526 ipse
724 466 804 511 meo.

179 541 257 598 Dum
273 538 381 597 damus
399 554 483 596 arma
498 535 560 607 tibi,
584 535 657 596 dum
673 542 711 606 te,
733 535 861 608 lascive,
881 537 1041 614 docemus,

219 622 302 681 Haec
319 628 348 680 te
364 621 516 696 discipulo
532 619 615 678 dona
629 619 775 693 magister
789 619 891 681 habet.

180 706 247 766 Scis
263 711 373 779 tamen,
396 712 429 765 ut
443 703 560 778 liquido
575 702 692 762 iuratus
709 703 812 762 dicere
827 704 943 780 possis,

136 805 172 857 50
222 789 289 848 Non
304 803 353 847 rne
366 788 517 864 legitimos
534 786 716 846 sollicitasse
730 793 826 846 toros.

181 872 366 947 Scripsimus
382 872 458 932 haec
473 871 549 944 istis,
570 886 697 944 quarum
712 884 769 929 noc
783 871 857 931 vitta
871 873 1005 947 pudicos

219 955 370 1029 Contingit
384 957 492 1030 crines,
516 969 573 1013 nac
589 955 668 1013 stola
682 954 773 1028 longa
790 955 897 1032 pedes.

177 1041 241 1113 Dic,
264 1055 382 1115 precor,
405 1038 566 1114 ecquando
583 1038 717 1097 didIcisti
732 1039 837 1098 lallare
851 1047 973 1119 nuptas,

219 1125 256 1182 Et
270 1125 372 1184 lacere
388 1124 536 1183 incertum
551 1137 607 1197 per
621 1137 690 1180 mea
704 1122 790 1182 iussa
804 1131 924 1196 gcnust

136 1216 170 1271 55
181 1209 228 1267 An
245 1208 284 1268 sit
298 1207 335 1266 ab
351 1207 399 1267 his
416 1207 513 1268 omnis
528 1204 626 1281 rigido
641 1212 791 1265 summota
805 1206 924 1283 libellis

221 1291 316 1364 Quam
330 1294 380 1351 lex
396 1292 524 1351 lurtivos
540 1295 624 1349 arcet
639 1289 752 1353 habere
766 1289 873 1350 viros?

179 1375 256 1449 Quid
271 1383 370 1435 tamen
386 1375 447 1436 hoo
462 1374 598 1450 prodest,
620 1373 704 1432 vetiti
720 1373 746 1432 si
761 1375 830 1448 lege
845 1389 956 1434 severa

220 1459 336 1518 Credon
352 1459 491 1519 adulterii
507 1458 723 1532 composuisse
738 1463 849 1517 notas?

178 1545 218 1603 At
233 1551 296 1603 tu...
312 1543 357 1603 sic
373 1542 489 1602 habeas
505 1542 648 1600 lerientes
668 1547 777 1601 cuncta
792 1542 929 1619 sagittas,

135 1635 171 1689 60
224 1626 275 1686 Sic
289 1643 454 1702 numquam
469 1625 579 1700 rapido
594 1625 755 1700 lampades
769 1625 840 1699 igne
854 1631 980 1686 vaoenia

178 1709 230 1770 Sic
247 1716 334 1783 regat
349 1709 508 1784 imperium
522 1715 683 1784 terrasque
698 1715 839 1770 coerceat
854 1724 962 1771 omnes

220 1793 340 1868 Caesar,
362 1793 400 1852 ab
414 1794 522 1853 Aenea
537 1793 588 1868 qui
604 1793 657 1852 tibi
672 1793 764 1853 fratre
778 1808 909 1869 nepos...

176 1877 281 1952 Ellicc,
304 1877 344 1937 sit
358 1876 447 1937 nobis
462 1892 524 1936 non
539 1876 729 1951 inplacabilis
745 1877 798 1951 ira,

216 1962 328 2037 illeque
342 1963 411 2021 loco
427 1960 518 2037 plecti
533 1961 741 2021 commodiore
755 1960 849 2021 velit’
927 2020 929 2024 .

125 2057 159 2112 55
173 2047 256 2105 Haec
272 2061 329 2119 ego
345 2046 431 2105 visus
448 2061 530 2103 cram
546 2060 641 2119 puero
658 2044 777 2104 dixisse
792 2044 919 2105 volucri.

216 2130 282 2189 ilos
297 2129 383 2188 visus
399 2129 488 2189 nobis
503 2128 553 2187 ille
569 2129 694 2188 dedisse
711 2143 822 2189 sonos:

177 2213 245 2272 ‘Per
264 2228 332 2271 mea
346 2213 414 2288 tela,
437 2213 521 2271 laces
537 2219 566 2271 et
579 2227 638 2298 per
649 2227 719 2272 maa
732 2213 802 2284 tela,
822 2212 959 2286 sagittas,

217 2296 276 2354 Per
290 2301 416 2354 matrem
431 2297 498 2355 iuro
514 2297 762 2370 Caesareumque
776 2302 876 2372 caput

175 2380 221 2439 Nil
237 2379 296 2437 nisi
311 2394 494 2439 concessum
508 2396 566 2439 nos
582 2387 611 2439 te
626 2379 775 2439 didicisse
790 2379 947 2454 magistro,

128 2467 162 2524 to
216 2461 342 2522 Artibus
358 2470 387 2522 et
401 2464 514 2523 nullum
530 2464 643 2523 crimen
659 2463 763 2523 inesse
776 2463 847 2524 luis.

175 2548 276 2619 thue
292 2545 359 2621 hoc,
383 2547 429 2607 sic
443 2547 558 2608 utinam
575 2545 741 2606 defendere
756 2554 858 2608 catera
872 2551 1000 2622 posses!

218 2628 286 2690 Scis
302 2631 394 2706 aliud,
417 2631 502 2706 quod
517 2637 547 2690 te
563 2630 695 2705 laeserit,
718 2647 798 2705 esse,
822 2630 930 2708 magis.

176 2713 327 2789 Quicquid
341 2715 372 2774 id
388 2723 465 2788 est,..
488 2730 589 2789 nequa
604 2714 682 2773 enirn
701 2714 793 2776 debet
807 2715 897 2775 dolor
911 2714 963 2775 ille
976 2712 1105 2774 referri..

215 2799 283 2858 Non
299 2805 388 2873 potes
404 2816 424 2859 a
439 2801 530 2874 culpa
544 2798 647 2858 dicere
663 2798 775 2859 abesse
789 2807 850 2859 tua.

125 2888 159 2946 'la
173 2884 216 2944 Tu
231 2882 302 2943 licet
316 2883 430 2943 erroris
445 2881 503 2941 sub
518 2882 649 2956 imagine
665 2881 778 2942 crimen
794 2881 971 2954 obumbres,

215 2967 282 3027 Non
298 2967 422 3040 gravior
436 2966 542 3026 merito
560 2965 691 3026 vindicis
707 2967 752 3027 iro
768 2967 832 3028 luit.

173 3050 213 3111 Ut
227 3055 328 3110 tamen
343 3050 515 3126 aspicerem
531 3051 770 3126 consolarerque
787 3050 946 3122 iacentem,

215 3133 319 3208 Lapsa
333 3151 390 3209 per
404 3135 559 3194 inmensas
576 3140 623 3194 est
637 3134 709 3194 mihi
723 3135 818 3209 pinna
833 3132 910 3193 vias.

175 3215 259 3276 Haec
274 3217 343 3277 loca
356 3224 419 3278 tum
433 3219 560 3294 primum
576 3217 648 3290 vidi,
672 3234 742 3278 curn
756 3222 852 3279 matre
865 3221 995 3294 rogante

125 3309 161 3363 80
214 3299 342 3360 Phasias
357 3310 405 3363 est
418 3302 487 3364 telis
503 3303 564 3362 lixa
579 3302 682 3377 puella
697 3302 785 3363 meis.

176 3382 260 3457 Quae
274 3399 355 3443 nunc
370 3401 424 3446 cur
438 3387 545 3447 iterum
559 3393 632 3462 post
647 3388 770 3447 saccula
784 3389 878 3461 longa
890 3383 1033 3452 revisam,

216 3468 261 3527 Tu
275 3465 360 3544 lacis,
385 3486 403 3528 o
419 3470 527 3532 castris
541 3470 629 3532 miles
644 3471 741 3532 amice
756 3471 843 3532 meis.
