2318 3960
102 194 160 258 [86
491 195 551 257 hx
571 196 718 259 Ponto

182 349 245 410 Sed
260 349 328 424 qui,
345 365 435 424 quam
450 349 556 425 potuit,
574 351 626 410 dat
640 314 787 423 maxima}
798 356 902 426 gratus
917 349 1114 439 abunde-cet

223 433 260 494 Et
273 434 365 493 finem
380 434 477 510 pietas
493 432 618 507 contigit
632 432 684 492 illa
697 449 797 493 suum.
1016 479 1020 486 .

181 518 259 592 Nec,
276 532 355 592 quae
369 518 409 577 de
424 533 521 593 parva
540 531 658 592 pauper
672 517 720 576 dis
735 516 809 577 libat
822 532 937 591 acerra,
1016 536 1020 543 ·

131 610 166 663 to
220 603 300 661 Tura
314 601 428 675 minus,
443 600 552 676 grandi
568 615 660 674 quam
675 601 746 660 data
760 601 863 674 lance,
879 602 992 663 valant.

180 687 331 760 Agnaque
349 693 409 744 tam
424 686 556 758 lactens,
574 700 665 758 quam
679 684 815 759 granune
829 691 919 760 pasta
932 685 1053 748 Falisco
1158 719 1159 728 κ

220 769 350 828 Victima
364 769 511 843 Tarpeios
525 768 621 828 inficit
636 769 696 828 icta
711 769 808 829 iocos.

179 853 241 912 Nec
260 859 361 912 tamen
377 853 480 913 ollicio
499 859 602 914 vatum
615 867 672 927 per
687 852 822 912 carmina
836 852 916 912 lacto

217 935 408 1012 Principibus
422 951 473 996 res
487 943 536 996 est
551 937 665 1011 gratior
678 937 741 996 ulla
755 935 839 996 viris.

132 1026 166 1079 45
182 1020 320 1080 Carmina
335 1027 505 1081 vestrarum
521 1027 671 1095 peragunt
683 1019 851 1096 praeconia
865 1021 998 1096 laudum,

217 1105 302 1164 Neve
317 1104 356 1164 sit
374 1111 511 1165 actorum
525 1105 607 1164 lama
622 1105 754 1179 caduca,
770 1113 890 1164 cavent.

182 1188 318 1248 Carmine
332 1189 366 1247 fit
380 1189 473 1248 vivax
488 1189 600 1263 virtus,
618 1203 793 1263 expersque
807 1188 964 1264 sepulchri
1020 1180 1029 1193 '

219 1272 362 1332 Notitiam
377 1288 465 1332 serae
480 1272 667 1347 posteritatis
682 1271 783 1332 habet.

178 1354 293 1416 tabida
308 1356 459 1417 consumit
473 1357 584 1417 serrum
599 1355 794 1432 lapidemque
807 1362 955 1428 vetustas,

130 1440 165 1492 50
218 1440 366 1516 Nullaque
380 1455 431 1500 res
447 1440 545 1500 maius
560 1446 698 1515 tempore
713 1440 807 1501 robur
821 1439 923 1501 habet.

181 1522 300 1600 Scripta
314 1526 414 1584 lerunt
426 1529 534 1583 annos.
564 1523 687 1598 scriptis
703 1525 936 1599 Agamemnona
949 1525 1040 1599 nosti,

218 1607 256 1667 Et
271 1606 410 1682 quisquis
426 1613 532 1667 contra
546 1607 594 1666 vel
609 1606 699 1667 simul
714 1622 799 1667 arma
812 1608 887 1667 tulit.

180 1691 253 1765 Quis
267 1689 388 1750 Thebas
403 1696 584 1765 septemque
599 1690 694 1750 duces
710 1691 777 1750 sine
793 1691 927 1751 carmine
940 1699 1058 1767 nosset,

218 1775 257 1833 Et
272 1774 417 1849 quicquid
432 1780 503 1848 post
516 1773 608 1846 haec,
625 1774 770 1850 quioquid
786 1781 817 1834 et
835 1780 905 1834 ante
921 1776 998 1836 luitt

129 1869 162 1920 55
176 1859 213 1919 Ili
228 1873 352 1935 quoque
366 1857 565 1932 carmlnibus,
580 1858 607 1918 si
623 1858 670 1919 las
690 1865 738 1918 est
753 1859 871 1931 dicere,
887 1859 973 1934 fiunt,

218 1942 374 2020 Tantaque
387 1945 532 2004 maiestas
548 1958 602 2002 ore
616 1943 753 2011 canentis
769 1946 847 2018 eget.
1043 1939 1045 1943 ’

179 2026 229 2087 Sic
244 2027 345 2088 Chaos
361 2043 400 2088 ex
414 2027 467 2087 illa
481 2034 606 2088 naturae
620 2029 701 2088 mole
715 2026 827 2103 prioris

216 2110 373 2186 Digestum
387 2119 490 2188 partes
511 2113 624 2172 scimus
639 2111 754 2172 habere
769 2124 864 2172 suastv

179 2194 230 2255 Sic
244 2196 434 2256 adfectantes
451 2196 596 2256 caelestia
609 2210 704 2270 regna
720 2195 865 2271 Gigantas

127 2281 162 2336 60
214 2280 265 2340 Ad
280 2280 376 2357 Styga
389 2278 549 2339 nimbifero
564 2278 694 2339 vindicis
709 2279 779 2353 igne
793 2279 899 2339 datast

178 2361 229 2422 Sic
244 2365 340 2424 victor
358 2363 480 2424 laudem
495 2362 649 2437 superatis
664 2362 755 2423 Liber
769 2362 807 2422 ab
822 2363 916 2435 Indis,

216 2449 343 2509 Alcides
359 2454 448 2522 capta
462 2447 553 2507 traxit
567 2444 605 2504 ab
621 2444 774 2507 Oechalia.
1021 2518 1024 2523 Ι

176 2532 213 2591 Et
228 2533 335 2604 modo,
352 2531 482 2605 Caesar,
499 2546 604 2603 avum,
620 2545 711 2606 quem
727 2530 821 2591 virtus
837 2530 954 2592 addidit
968 2531 1070 2609 astris,

218 2614 382 2676 Sacrorum
396 2614 499 2690 aliqua
514 2614 648 2675 carmina
661 2621 747 2691 parte
762 2622 856 2676 tuum.

128 2697 162 2752 65
178 2698 287 2774 Siquid
301 2699 401 2759 adhuc
415 2700 505 2775 igitur
518 2699 595 2774 vivi,
612 2698 807 2774 Genuanice,
822 2704 928 2760 nostro

217 2784 323 2844 Restat
337 2784 366 2843 in
381 2784 518 2858 ingenio,
535 2783 649 2844 serviet
663 2800 752 2845 omne
767 2782 830 2844 tibi.

176 2867 242 2928 Non
257 2874 346 2943 poles
365 2867 501 2929 cilicium
515 2867 594 2927 vatis
612 2875 806 2929 contemnere
819 2874 923 2929 vates:

179 2981 181 2983 >
218 2951 334 3013 iudicio
350 2951 480 3028 pretium
493 2967 544 3012 res
559 2950 650 3012 habet
664 2952 723 3012 ista
736 2960 800 3014 tuo.
904 2965 908 2968 ⁴

177 3035 264 3108 Quod
278 3037 337 3098 nisi
351 3044 381 3097 te
395 3051 507 3096 nomen
521 3042 636 3096 tantum
651 3037 691 3095 ad
705 3037 821 3096 maiora
836 3043 989 3111 vocasset

125 3125 159 3181 lo
215 3120 317 3182 Gloria
333 3120 486 3182 Pieridum
501 3136 619 3180 summa
633 3120 751 3182 tuturus
771 3135 851 3181 eras.

176 3201 239 3263 Sed
254 3205 327 3264 dare
342 3205 498 3266 materiam
512 3203 617 3278 nobis,
636 3220 728 3279 quam
746 3203 895 3278 carmina,
910 3205 1024 3265 mavisz

215 3288 278 3347 Nec
293 3295 391 3349 umen
407 3302 447 3348 ex
460 3295 523 3349 toto
540 3288 683 3348 deserere
697 3288 749 3348 illa
767 3295 867 3365 poles.

175 3370 249 3430 Nam
262 3373 355 3433 modo
369 3370 450 3436 bella
464 3371 562 3448 geris,
578 3369 712 3433 numeris
725 3373 819 3432 modo
833 3369 929 3432 verba
943 3386 1080 3445 coerces,

217 3455 365 3532 Quodque
378 3457 445 3517 aliis
461 3472 541 3533 opus
557 3462 619 3528 est,
635 3455 696 3516 hoc
709 3452 763 3514 tibi
779 3456 866 3516 lusus
883 3452 948 3514 erit.
