2318 3960
418 227 454 303 11,
478 225 646 290 les-263
700 255 703 258 ⁴
1010 231 1053 300 27

144 378 365 440 Raeticanunc
379 381 528 454 praebent
540 379 729 456 Thraciaque
744 387 966 461 armandum,

105 463 194 526 Nunc
208 462 283 538 petit
296 462 458 522 Armenius
473 477 591 538 pacem,
614 479 695 524 nunc
709 466 836 540 porrigit
850 481 884 525 ar
904 483 942 528 us

149 546 277 606 Parthus
293 561 391 621 eques
404 546 508 606 timida
524 552 675 621 captaque
689 548 778 622 signa
791 564 892 625 manu,

105 631 194 691 Nunc
208 636 238 690 te
253 631 341 704 prole
356 636 409 690 tua
421 630 562 690 iuvenem
578 629 739 690 Germania
752 633 851 703 sentit,

59 723 96 778 30
148 714 296 789 Bellaque
311 729 367 788 pro
382 729 492 789 magno
509 713 640 774 Caesare
656 714 768 775 Caesar
782 714 852 790 agit.

105 797 247 873 lienique
261 803 295 857 ut
309 797 338 855 in
353 803 447 871 tanto,
470 804 614 873 quantum
630 813 693 859 non
707 799 804 859 eirtltit
818 815 967 878 umquam,

144 880 282 957 Corpore
296 896 370 956 pars
384 882 466 941 nulla
481 888 536 954 est,
559 897 638 956 quae
652 883 742 956 labet,
765 881 892 958 imperii,

105 964 187 1026 Urbs
204 980 329 1040 quoque
344 971 374 1025 te
389 971 419 1024 et
432 966 533 1039 legum
546 965 643 1026 lassat
657 969 751 1028 tutela
765 974 883 1027 tuarum

142 1049 182 1107 Et
194 1063 320 1121 morum,
333 1048 461 1112 ,similes
476 1064 554 1124 quos
572 1049 660 1124 cupis
675 1065 747 1110 esse
759 1050 830 1110 tuis.

59 1141 96 1194 ³5
109 1131 172 1192 Nee
185 1131 239 1191 tibi
254 1133 441 1210 contingunt,
465 1149 544 1208 quae
558 1130 699 1208 gentibus
715 1133 777 1193 otia
789 1139 949 1210 praestasz

146 1215 294 1290 Bellaque
309 1231 378 1276 curn
393 1216 493 1277 multis
508 1216 679 1292 inrequieta
692 1216 785 1292 geris.

102 1299 196 1359 Mirer
209 1299 239 1358 in
253 1298 314 1358 hoc
328 1299 419 1374 igitur
431 1305 581 1360 tantarum
595 1301 733 1375 pondere
747 1316 847 1361 rerum

146 1383 318 1458 Numquam
333 1389 364 1442 te
378 1390 502 1444 nostros
517 1384 673 1444 evoluisse
688 1383 798 1444 iocost

101 1466 143 1526 At
157 1467 193 1541 si,
217 1466 302 1541 quod
316 1467 445 1542 mallem,
468 1482 584 1526 vacuus
600 1468 731 1528 sortasse
746 1467 869 1542 luisses,

59 1558 94 1613 40
145 1549 266 1610 Nullum
281 1551 411 1624 legisses
428 1550 541 1610 crimen
556 1550 587 1609 in
600 1550 676 1611 Arte
690 1565 768 1610 mea.

103 1633 159 1692 llla
175 1633 298 1708 quidem
314 1634 412 1694 lateor
425 1633 533 1693 frontis
549 1649 611 1693 non
626 1649 698 1694 csse
713 1650 840 1695 severae

147 1715 276 1792 Scripta,
299 1732 356 1777 nec
374 1723 488 1778 atanto
503 1717 644 1793 principe
659 1717 752 1792 digna
768 1719 843 1794 legi:

102 1800 170 1861 Non
185 1806 286 1860 tamen
301 1800 417 1861 idcirco
431 1801 532 1876 legum
547 1800 699 1861 contraria
713 1801 807 1862 iussis

145 1882 222 1944 Sunt
235 1899 273 1943 ea
287 1884 443 1944 Romanas
458 1884 662 1958 erudiuntque
675 1900 779 1945 nurus.

59 1974 94 2028 45
106 1967 191 2027 Neve
207 1966 318 2041 quibus
334 1967 467 2028 scribam
481 1967 586 2042 possis
602 1967 750 2040 dubitare,
768 1966 888 2027 libellus

145 2050 292 2124 Quattuor
304 2051 363 2111 hos
378 2066 487 2110 versus
503 2066 521 2110 e
535 2050 633 2110 tribus
648 2066 728 2110 unus
743 2049 850 2111 habete

106 2133 192 2194 ‘Este
205 2135 322 2209 procul,
345 2135 439 2194 vittae
453 2140 569 2209 tenues,
591 2133 711 2208 insigne
725 2134 862 2208 pudoris,

146 2217 293 2293 Quaeque
306 2218 385 2293 tegis
401 2217 521 2279 medios
540 2217 642 2278 instita
657 2218 749 2292 longa
763 2217 875 2292 pedes!

106 2301 153 2361 Nil
167 2301 226 2361 nisi
240 2301 406 2377 legitimum
422 2316 634 2377 concessaque
649 2301 728 2361 lurta
744 2315 896 2375 canemus,

59 2395 96 2447 50
145 2385 240 2460 Inque
256 2401 325 2447 meo
340 2386 455 2447 nuNum
471 2385 604 2444 carmine
620 2385 732 2444 crimen
748 2385 824 2444 erit’

104 2468 224 2543 Ecquid
240 2468 277 2530 ab
292 2470 351 2530 hac
366 2484 472 2529 omnes
487 2468 584 2543 rigide
600 2468 819 2528 summovimus
833 2467 919 2542 Arte,

149 2552 229 2626 Quas
245 2555 324 2614 stola
339 2552 472 2628 contingi
489 2553 625 2626 vittaque
642 2558 763 2627 sumpta
776 2557 882 2611 vetatt

102 2636 144 2696 At
157 2642 295 2698 matrona
309 2642 411 2711 potest
425 2635 533 2696 alienis
547 2635 662 2695 artibus
677 2635 729 2708 uti,

112 2729 114 2734 ·
148 2719 299 2795 Quodque
313 2720 420 2794 trahat,
444 2719 584 2794 quamvis
600 2732 661 2777 non
677 2717 832 2790 doceatur,
854 2717 958 2781 habet.

59 2813 92 2864 55
105 2804 152 2862 Nil
167 2803 258 2877 igitur
270 2809 408 2864 matrona
422 2805 511 2878 legat,
532 2801 603 2877 quia
619 2800 752 2862 camrine
767 2799 805 2860 ab
823 2800 903 2861 omni

142 2887 192 2945 Ad
208 2886 447 2963 delinquendum
462 2887 582 2948 doctior
596 2900 667 2945 esse
681 2890 792 2959 potest.

104 2969 324 3045 Quodcumque
340 2971 478 3046 attigerit,
499 2971 589 3047 sique
603 2975 650 3032 est
664 2967 804 3031 studiosa
818 2961 942 3038 sinistri,

142 3053 193 3113 Ad
206 3054 311 3115 vitium
327 3071 430 3115 mores
443 3056 571 3116 instruet
584 3055 656 3114 inde
671 3069 756 3115 suos.

104 3135 277 3212 Sumpserit
290 3139 458 3214 Annales..
473 3139 546 3198 nihil
561 3145 608 3199 est
621 3138 767 3199 hirsutius
782 3137 872 3197 illis...

59 3226 94 3280 60
144 3219 237 3280 Facta
251 3223 292 3283 sit
304 3223 387 3282 unde
402 3238 514 3296 parens
529 3222 597 3294 llia,
620 3236 730 3296 nempe
744 3223 833 3297 leget.

103 3302 283 3380 Sumpserit,
305 3305 485 3365 Aeneadum
498 3305 628 3380 genitrix
642 3304 694 3365 ubi
709 3304 815 3380 prima,
837 3301 982 3380 requiret,

141 3386 321 3450 Aeneadum
336 3389 466 3464 genitrix
482 3389 563 3450 unde
578 3389 618 3449 sit
633 3389 843 3459 almaVenus.
906 3400 909 3411 “

59 3501 90 3512 -
105 3469 277 3546 Persequar
291 3473 426 3546 inferius,
449 3473 542 3533 modo
557 3472 584 3532 si
599 3473 667 3532 licet
678 3471 789 3532 'ordine
803 3471 882 3543 lerri,
