2318 3960
99 187 166 268 me
476 183 730 247 nnsronun
801 182 805 186 ’

223 341 308 402 Haec
322 346 407 400 aetas
423 338 536 398 bellum
550 338 675 412 suadet,
694 343 724 396 at
735 338 787 397 illa
800 334 887 413 gerit.

184 425 235 486 Sic
249 422 366 495 statuit,
385 436 572 495 mensesque
587 428 661 481 nota
677 422 810 481 secrevit
824 418 943 481 eodem.

224 509 329 569 Iunius
345 511 392 566 est
406 507 559 565 iuvenum.
589 505 640 580 qui
658 505 713 565 iuit
727 511 813 577 ante,
829 504 960 563 senum?

182 591 273 652 Dixit.
302 589 377 650 etin
393 589 475 649 litem
492 588 594 648 studio
609 588 781 648 certaminis
796 587 902 660 issent,

133 685 168 736 90
222 676 326 750 Atque
340 673 497 747 impietas
514 671 705 732 dissimulata
724 673 832 731 toret...

182 758 274 818 Venit
287 755 450 833 Apollinea
464 756 573 830 longas
589 754 760 814 Concordia
774 756 859 813 lauro

225 841 311 900 Nexa
332 855 452 913 eomas,
469 839 583 914 placidi
597 853 708 898 numen
723 851 867 913 opusque
882 833 981 895 ducis.

182 925 267 985 Haec
280 922 332 985 ubi
346 922 480 983 narravit
492 923 608 982 Tatium
623 923 794 998 fortemque
808 919 963 994 Quirinum

225 1008 363 1082 Binaque
379 1021 447 1066 cum
463 1007 585 1082 poputts
599 1021 694 1081 regna
709 1006 812 1065 coisse
827 1003 903 1078 suis,

130 1102 165 1156 95
178 1092 216 1151 Et
229 1092 294 1151 tare
307 1090 460 1150 communi
474 1105 603 1150 soceros
617 1104 813 1164 generosque
827 1092 980 1160 receptos,

227 1174 294 1233 ‘His
312 1189 424 1234 nomen
443 1173 553 1234 iunctis
568 1174 685 1234 iunius'
704 1170 802 1248 inquit
817 1170 943 1230 ‘habet’

185 1260 272 1319 iiicta
285 1258 397 1333 triplex
412 1273 507 1317 causa
521 1264 577 1318 est.
604 1257 646 1317 nt
660 1271 717 1316 vos
734 1254 899 1330 ignoscite,
917 1250 1024 1312 divaea

226 1343 289 1403 Res
309 1348 356 1402 est
369 1340 492 1400 arbitrio
507 1357 569 1400 non
585 1339 754 1400 dirimenda
768 1354 847 1398 meo.

185 1426 229 1486 Ite
250 1439 341 1500 pares
357 1441 375 1483 a
389 1439 447 1482 me.
477 1424 632 1499 perierunt
646 1423 747 1483 iudice
763 1425 879 1484 formae

122 1520 172 1572 100
229 1509 385 1582 Pergama.
415 1507 484 1582 plus
500 1508 637 1581 laedunt,
654 1523 746 1582 quarn
762 1507 845 1568 iuvet
862 1520 938 1577 una,
955 1503 1045 1562 duae.

166 1731 172 1737 .
441 1638 469 1700 l.
499 1638 782 1716 [ii-K·IVN·]N

185 1759 285 1818 Prima
299 1757 366 1817 dies
381 1756 449 1831 tibi,
467 1756 578 1829 carna,
596 1756 693 1816 datur.
721 1755 787 1815 Dea
801 1753 934 1814 cardinis
949 1752 1027 1814 hoec
1041 1756 1088 1811 eet

229 1841 358 1902 Numine
372 1841 478 1901 clausa
492 1839 603 1915 aperit,
620 1839 733 1900 claudit
748 1844 854 1914 aperta
868 1852 936 1898 suo.

187 1926 275 1987 Unde
291 1926 379 1985 datas
395 1923 508 1984 babeat
523 1923 619 1998 vires,
635 1922 796 1984 obscurior
810 1936 888 1982 aevo

228 2009 330 2070 Fama.
360 2008 418 2068 sed
432 2023 450 2067 e
464 2013 571 2068 nostro
587 2004 722 2067 carmine
737 2012 837 2067 certus
854 2005 926 2064 cris.

125 2102 174 2156 105
188 2092 319 2152 Adiacet
333 2093 476 2166 antiquus
491 2089 631 2150 Tiberino
647 2091 735 2151 lucus
751 2089 889 2149 Helerni=

228 2175 392 2236 Pontifices
406 2175 477 2234 illuc
491 2189 571 2234 nuno
587 2189 710 2249 quoque
724 2188 814 2234 sacra
828 2173 937 2233 ierunt.

189 2260 263 2319 inde
281 2265 348 2319 sata
362 2264 410 2318 est
423 2258 590 2335 nymphe...
607 2257 742 2316 Cranaen
758 2256 864 2316 dixere
879 2255 1031 2331 priores...

230 2341 420 2417 Nequiquam
435 2340 536 2400 multis
552 2355 648 2415 saepe
663 2340 757 2415 petita
771 2340 884 2415 procis.

186 2427 270 2488 Rura
283 2423 387 2500 sequi,
408 2423 578 2498 iaculisque
591 2424 673 2483 ieras
689 2424 803 2498 agitare
817 2422 945 2497 solebat,

126 2520 176 2573 110
232 2509 437 2583 Nodosasque
452 2522 528 2566 cava
547 2507 673 2567 tendere
689 2508 767 2567 vatle
781 2508 899 2582 plagas.

187 2593 254 2652 Non
267 2591 373 2655 habuit
388 2591 575 2668 pharetram:
603 2590 718 2650 Phoebi
732 2597 833 2650 tomen
848 2591 920 2650 esse
935 2605 1073 2652 sororem

232 2675 411 2736 Credebant.
441 2690 498 2734 nec
513 2679 593 2748 erat,
608 2673 746 2747 Phoebe,
765 2675 912 2750 pudende
925 2673 989 2735 tibi.

186 2759 265 2820 Huic
278 2759 388 2835 aliquis
403 2756 547 2818 iuvenum
559 2757 689 2818 dixisset
702 2757 834 2819 amantia
848 2757 952 2832 verbu,

229 2842 390 2903 Reddebat
405 2843 481 2902 tates
497 2841 636 2917 protinus
650 2842 703 2901 illa
717 2857 828 2902 sonos:

127 2937 175 2990 115
191 2928 287 2986 ‘Haec
304 2927 373 2986 loca
388 2926 463 2986 tucis
478 2924 591 2984 hebent
605 2925 709 2999 nimis,
726 2931 757 2985 et
772 2941 841 2985 cum
855 2925 924 3008 luce
939 2923 1078 3000 pudoris.

232 3009 265 3070 Si
280 3017 399 3070 secreta
409 3009 506 3084 magis
522 3008 609 3068 ducis
624 3009 654 3068 in
669 3015 769 3083 antro,
785 3013 923 3084 sequor?

189 3094 336 3154 credulus
352 3100 422 3154 ante
436 3100 469 3153 ut
483 3092 529 3167 iit,
545 3092 669 3153 frutices
686 3092 763 3152 haec
780 3098 869 3152 nacta
883 3095 1005 3163 resisttt,

230 3177 268 3237 ut
284 3178 370 3252 latet,
385 3184 415 3238 et
435 3177 516 3236 nullo
532 3183 579 3237 est
592 3175 778 3236 inveniendo
791 3175 894 3236 modo.

186 3259 315 3320 Viderat
327 3260 407 3322 hanc
420 3261 521 3320 Ianus.
552 3260 700 3336 visaeque
714 3259 857 3335 cupidine
872 3264 981 3334 eaptus

128 3354 176 3407 120
231 3343 281 3402 Ad
296 3345 403 3404 duram
418 3343 520 3404 verbis
535 3343 677 3404 moltibus
690 3358 766 3405 usus
782 3349 856 3403 erat.

188 3426 330 3507 Nympha
344 3427 428 3488 iubet
444 3427 548 3503 quaeri
564 3428 602 3489 de
617 3443 703 3488 more
716 3426 862 3488 remotius
878 3435 1005 3498 antrum,
