2318 3960
416 183 474 257 lv,
497 183 532 260 8,
555 182 653 260 4-9,
676 183 717 246 26

196 336 263 411 Qua
275 351 368 396 marrs
382 336 493 396 Euxini
509 342 588 396 terra
601 336 723 398 sinistra
738 335 837 397 iacetl

152 421 237 481 llaec
251 419 323 480 mihi
337 420 364 481 si
378 419 487 496 Delphi
501 419 693 494 Dodonaque
708 420 823 480 diceret
837 420 916 498 ipsa,

194 503 274 564 Esse
288 503 442 563 videretur
455 518 553 563 vanus
568 509 698 578 uterque
713 503 809 564 locus.

99 598 135 650 aa
149 589 197 648 Nil
212 586 291 647 adeo
306 586 440 646 validum
456 592 518 659 est,
534 585 660 647 adamas
675 587 745 646 licet
759 587 862 661 alliget
875 586 959 662 illud,

192 671 232 733 Ut
246 678 367 731 maneat
385 669 495 745 rapido
515 668 631 729 firmius
643 669 714 744 igne
728 669 823 730 lovis.

151 756 199 815 Nil
213 754 256 815 itu
269 752 399 815 sublime
413 759 461 813 est
474 768 630 828 supraque
645 753 783 828 pericula
796 753 901 827 tendit,

194 838 261 899 Non
276 837 315 898 sil
328 843 361 898 ut
375 837 501 898 inlerius
517 838 774 913 suppositumque
790 836 860 897 deo.

151 923 228 982 Nam
243 937 426 997 quamquam
441 921 515 981 villo
531 937 603 997 pars
621 930 668 982 est
682 927 837 981 contracta
849 921 1005 993 malorum,

101 1013 136 1070 50
186 1006 257 1066 Plus
271 1011 370 1066 lamen
386 1005 469 1066 exitii
483 1005 615 1066 numinis
630 1005 675 1064 ira
689 1005 782 1065 dedit.

152 1091 194 1150 At
207 1105 265 1150 vos
280 1088 425 1149 admoniti
439 1089 553 1150 nostris
570 1102 694 1164 quoque
709 1087 833 1148 casibus
848 1093 921 1161 este,

195 1173 387 1249 aequantem
403 1188 532 1247 superos
549 1173 717 1232 emeruisse
731 1173 839 1231 virum.

88 1305 131 1404 9.
153 1303 191 1402 Si
209 1344 279 1403 licet
294 1349 323 1403 et
337 1343 468 1417 pateris,
484 1356 596 1401 nornen
612 1343 794 1417 facinusque
809 1340 927 1417 tacebo,

197 1427 234 1486 Et
248 1435 300 1487 tua
313 1426 454 1486 Lethaeis
470 1432 539 1484 acta
553 1423 703 1485 dabuntur
718 1425 817 1500 aquis,
855 1440 858 1447 ’

150 1510 323 1585 Nostraque
339 1509 476 1569 vincetur
489 1507 621 1569 lacrimis
637 1508 795 1569 clementia
809 1508 902 1569 sarisa

193 1593 254 1654 Fac
273 1594 381 1666 modo,
397 1600 427 1654 le
442 1599 545 1667 pateat
558 1592 747 1667 paenituisse
761 1593 814 1653 lui.

122 1689 138 1738 5
153 1678 214 1738 Fac
228 1677 335 1750 modo,
353 1684 383 1736 te
398 1677 525 1736 damnes
541 1675 712 1751 cupiasque
726 1677 854 1737 eradere
867 1675 948 1736 vitae

192 1762 359 1836 Tempora,
375 1760 401 1820 si
416 1760 537 1835 possis,
552 1759 738 1836 Tisiphonea
751 1768 831 1821 luae.

153 1845 207 1905 Sin
222 1845 337 1917 minus,
354 1851 385 1904 et
398 1842 529 1919 flagrant
543 1843 615 1904 odio
631 1851 682 1903 tua
695 1850 821 1918 pectora
835 1852 950 1918 nostro,

193 1928 303 1989 lnduct
317 1927 423 1987 infelix
437 1943 521 1987 arma
535 1934 644 1986 coacta
658 1927 756 1988 dolor.

152 2012 217 2072 Sim
231 2012 303 2071 licet
317 2018 500 2085 extremum,
519 2010 599 2070 sicul
613 2026 702 2107 sum,
714 2010 828 2070 missus
846 2011 876 2070 in
892 2010 1007 2084 orbem,

104 2108 138 2161 10
192 2096 304 2156 Nostra
325 2110 397 2155 suas
413 2095 492 2154 istuc
507 2093 642 2168 porriget
657 2093 702 2153 ira
716 2109 834 2154 manus.

154 2179 276 2253 Omnia,
293 2178 320 2238 si
336 2177 454 2251 nescis,
474 2176 587 2236 Caesar
602 2177 673 2236 mihi
689 2177 757 2237 iura
774 2177 903 2254 reliquit,

193 2263 232 2322 El
247 2263 315 2323 sola
330 2269 378 2322 est
391 2251 491 2336 patrii
505 2276 607 2335 poena
623 2275 727 2320 carcre
743 2277 820 2322 mea.

151 2346 190 2405 Et
204 2345 347 2420 patriam,
362 2344 454 2405 modo
472 2343 512 2403 sit
527 2359 653 2418 sospeS‚
673 2359 832 2418 speramus
849 2344 887 2405 ab
904 2345 965 2404 illo.

196 2429 297 2504 Saepe
312 2428 395 2489 Iovis
412 2429 473 2487 telo
493 2443 623 2502 quercus
642 2427 755 2499 adusta
771 2429 858 2489 viret.
962 2462 963 2465 =

102 2523 135 2576 15
149 2512 289 2586 Denique
303 2510 456 2570 vindictae
473 2510 499 2570 si
515 2511 555 2575 sit
572 2510 643 2570 mihi
662 2511 745 2572 nulla
762 2512 899 2588 facultas,

193 2595 329 2655 Pierides
349 2594 431 2654 vires
448 2601 478 2654 el
494 2610 551 2655 sua
566 2595 627 2654 tela
642 2594 766 2656 dabunt.

152 2679 242 2754 Quod
258 2677 412 2756 Scythicis
428 2678 561 2739 habitem
577 2679 668 2752 longe
684 2684 854 2739 summotus
871 2679 901 2737 in
918 2679 990 2753 oris,

193 2762 347 2836 Siccaque
360 2761 422 2822 sint
440 2762 538 2823 oculis
555 2761 697 2837 proximu
712 2761 801 2836 signa
816 2762 908 2821 meIsz

152 2846 265 2906 Nostra
282 2861 338 2919 per
354 2845 510 2906 inmensas
527 2845 613 2906 ibunt
629 2845 794 2921 praeconia
809 2850 926 2920 gentes,

98 2941 136 2991 20
190 2928 342 3004 Quodque
359 2944 485 3005 querar,
503 2935 607 2990 notum
625 2944 685 3002 qua
700 2936 784 3003 patet
800 2927 897 3000 orbis,
916 2927 983 2988 erit.

151 3012 209 3072 lbil
225 3013 267 3073 ad
284 3027 429 3074 occasum
445 3012 591 3087 quicquid
610 3012 760 3085 dicemus,
777 3012 816 3071 ab
833 3018 910 3086 ortu,

192 3095 291 3157 Testis
308 3102 338 3156 et
352 3096 515 3171 hesperiae
530 3095 618 3157 vocis
633 3111 708 3156 eous
724 3096 789 3155 erit.

151 3180 250 3240 Trans
268 3196 326 3254 ego
342 3181 495 3255 tellurem,
511 3187 594 3240 trans
613 3179 689 3238 altas
706 3179 814 3238 audiar
828 3177 938 3252 undas,

193 3264 231 3324 Et
246 3263 376 3339 gemitus
392 3280 454 3324 vox
470 3268 517 3323 est
532 3278 642 3338 magna
657 3262 756 3322 lutura
771 3262 840 3323 mei.

101 3355 137 3406 aa
150 3347 214 3408 Nec
228 3354 281 3408 tua
299 3353 329 3407 te
346 3354 465 3410 sontem
479 3344 687 3408 tantummodo
704 3346 828 3407 saecula
843 3344 960 3406 norintr

194 3431 364 3509 Perpetuae
382 3431 488 3494 crimer
509 3427 694 3507 posteritatis
711 3430 782 3490 eris.
