2318 3960
484 226 513 300 l,
532 223 720 288 622-69ῡ.-
1032 227 1095 292 ala

88 386 142 442 666
159 377 268 439 Sidere
283 377 321 438 ab
338 377 399 438 hoc
413 377 492 454 ignis
507 377 640 438 venienti
654 383 744 438 nocte
760 378 873 439 Leonis

205 461 261 537 Qui
280 461 371 522 micat
385 462 414 522 in
430 462 531 523 medio
547 470 682 538 pectore,
702 477 823 522 mersus
838 462 903 522 erit.

344 595 396 660 24.
425 595 484 656 HC
523 594 575 657 25.
594 595 652 657 Ac
694 593 823 656 26.Βο

41 693 44 714 '
159 711 218 772 Ter
232 717 340 786 quater
353 712 455 773 evolvi
470 713 627 788 signantes
642 719 783 788 tempora
797 715 903 790 fastos,

203 794 266 855 Neo
282 793 457 856 Sementiua
471 803 518 856 est
533 796 596 856 ulla
610 803 732 870 reperta
746 797 831 858 diosa

163 878 238 938 Cum
253 878 355 938 mihi...
371 880 468 940 sensit
482 879 593 939 enim...
608 879 687 941 ‘Lux
701 880 780 940 haee
794 881 957 958 indicitur,’
978 883 1073 958 lnquit

88 970 143 1024 660
199 961 292 1023 Musa
306 962 394 1039 ‘quid
409 981 427 1023 a
442 964 532 1024 lastis
547 979 609 1025 non
625 970 704 1023 stata
718 978 808 1024 sacra
822 966 942 1040 petis't’

161 1046 265 1120 thue
280 1046 348 1107 dies
362 1047 478 1107 incerta
493 1062 598 1120 sacro,
615 1047 660 1106 slc
674 1052 813 1122 tempora
829 1056 921 1123 certa,

205 1127 380 1191 Seminibus
395 1131 483 1192 iactis
499 1136 546 1191 est
559 1130 612 1190 ubi
625 1131 727 1191 foetus
744 1146 826 1205 ager.

162 1211 247 1273 State
262 1215 398 1275 coronati
413 1215 537 1290 plenum
552 1214 592 1273 ad
607 1228 760 1289 praesepe
773 1215 910 1275 iuvenci=

205 1296 277 1356 Cum
292 1299 397 1373 tepido
412 1305 548 1358 vestrum
561 1313 636 1357 vere
650 1297 761 1356 redibit
775 1313 866 1374 opus.

41 1445 43 1448 ,
88 1387 141 1442 666
158 1378 302 1442 Rusticus
317 1381 473 1442 emeritum
488 1384 560 1457 palo
576 1381 747 1457 suspendat
760 1388 892 1442 aratrum

211 1462 306 1524 Omne
321 1466 500 1525 reformidat
514 1466 625 1541 frigida
638 1467 751 1525 volnus
766 1464 887 1526 humus.

162 1547 277 1624 Vilice,
300 1549 340 1609 da
353 1548 490 1624 requiem
504 1556 619 1625 terrae,
639 1556 775 1610 semente
790 1555 928 1625 peracta:

204 1631 249 1692 Da
269 1634 405 1708 requiem
424 1640 534 1693 terram
550 1632 602 1708 qui
617 1634 753 1708 coluere,
775 1633 858 1693 viris,

162 1712 263 1789 Pagus
278 1722 349 1791 agat
368 1717 488 1777 festum.
524 1732 638 1792 pagum
652 1719 793 1791 lustrate,
815 1715 925 1792 coloni,

88 1805 143 1859 670
201 1798 240 1858 Et
253 1799 323 1858 date
338 1801 468 1875 paganis
483 1817 586 1859 annua
600 1801 663 1860 liba
677 1800 765 1860 locis.
858 1851 862 1858 .

160 1880 321 1943 Placeutur
339 1884 458 1958 frugum
474 1891 595 1958 matres,
617 1882 782 1958 Tellusque
796 1883 950 1959 ceresque

202 1964 295 2025 Fame
309 1983 368 2028 suo
384 1967 531 2042 gravidae
552 1966 787 2040 visceribusque
802 1967 877 2028 suis.

163 2047 302 2108 Officium
322 2066 482 2110 commune
498 2050 590 2110 Ceres
605 2057 636 2110 et
648 2051 742 2110 Terra
755 2056 889 2109 tuentur:

201 2132 286 2192 Haec
300 2133 427 2209 praebet
441 2148 566 2193 causam
581 2133 734 2208 frugibus,
751 2132 802 2192 illa
817 2134 927 2193 locum.

89 2223 143 2279 675
160 2215 325 2277 consortes
338 2218 450 2293 operis,
470 2232 527 2292 per
541 2233 618 2292 quas
642 2223 780 2279 correcta
793 2224 939 2292 vetustas,

205 2300 388 2376 Quernaque
405 2301 492 2376 glans
506 2302 589 2362 victa
610 2308 658 2361 est
670 2301 789 2361 utiliore
805 2301 890 2361 cibo:

161 2382 312 2458 Frugibus
331 2384 487 2445 immensis
503 2385 612 2445 avidos
627 2385 735 2446 satiate
749 2385 889 2460 colonos,

202 2468 242 2527 Ut
257 2468 379 2543 capiant
393 2469 491 2529 cultus
506 2469 642 2544 praemia
656 2470 748 2545 digna
762 2470 819 2529 sui.

163 2550 230 2611 Vos
246 2550 317 2611 date
332 2560 499 2628 perpetuos
516 2553 630 2613 teneris
645 2553 832 2614 sementibus
850 2560 966 2623 auctus,

90 2641 145 2696 660
199 2634 263 2694 Nec
277 2650 359 2696 nova
372 2651 431 2710 per
442 2636 560 2711 gelidas
574 2636 672 2696 herba
686 2637 726 2696 sit
739 2643 810 2696 usta
823 2636 921 2696 nives.

164 2717 238 2778 Cum
253 2719 397 2792 serimus,
415 2720 531 2779 caelum
545 2720 646 2780 ventis
661 2721 778 2795 aperite
792 2720 927 2780 serenis:

205 2801 278 2861 Cum
293 2803 380 2879 latet,
396 2803 541 2863 aetherea
556 2803 691 2879 spargite
706 2818 810 2862 semen
826 2819 918 2878 aqua.

162 2885 248 2945 Neve
261 2901 374 2962 graves
390 2888 478 2947 cultis
495 2887 622 2948 Cerialia
637 2888 733 2961 dona,
755 2893 871 2963 cavete,

204 2969 335 3045 Agmine
350 2974 472 3031 laesuro
488 2972 714 3047 depopulentur
729 2984 814 3029 aves.

94 3060 145 3116 686
159 3054 226 3113 Vos
243 3069 375 3137 quoque,
397 3054 557 3128 formicae,
581 3053 726 3116 subiectis
741 3052 856 3129 parcite
870 3052 973 3128 granis

204 3137 278 3198 Post
291 3154 424 3199 messem
439 3138 574 3213 praedae
594 3138 684 3214 copia
698 3135 795 3197 maior
808 3136 874 3195 erit.

164 3221 284 3281 interea
298 3230 416 3284 crescat
431 3222 559 3282 scabrae
573 3223 720 3298 robiginis
735 3234 858 3296 expers,

204 3305 267 3364 Nec
282 3306 356 3366 vitio
372 3307 447 3366 caeli
465 3307 577 3380 palleat
589 3322 683 3382 aegra
697 3321 798 3381 seges.

166 3388 204 3448 ltt
219 3404 320 3463 neque
334 3389 457 3449 deficiat
471 3389 582 3462 macie,
604 3404 707 3464 neque
721 3387 978 3464 pinguioresque

98 3478 152 3535 600
205 3471 323 3533 000·ῑί60
342 3478 449 3548 pereat
463 3472 623 3534 luxuriosa
637 3470 734 3534 suis„
