2318 3960
386 195 389 201 ’
465 216 522 290 vr,
545 216 679 280 11-11.

189 369 228 429 Et
247 375 380 428 veterem
395 367 480 426 Latio
495 368 702 442 supposuisse
716 369 841 430 Samon.

148 451 239 512 Adde
253 467 358 511 senem
371 450 504 522 Tatium,
520 451 776 527 Iunonicolasque
789 452 936 529 Faliscos,

95 545 134 598 5ο
190 535 274 609 Quos
290 550 352 610 ego
361 533 510 596 Romanis
526 535 727 596 succubuisse
741 537 805 598 tuli.

148 618 211 679 Sed
226 634 327 695 neque
341 618 508 693 paeniteat,
524 633 581 677 nec
593 627 671 693 gens
690 620 761 679 mihi
780 621 881 683 carior
894 623 958 684 ulla
971 634 1028 686 est.

189 701 246 762 Hie
266 703 364 776 colar,
380 701 430 760 hic
445 700 566 761 teneam
581 710 651 762 cum
665 704 739 764 love
753 705 867 779 templa
878 720 959 768 meo.

147 787 219 862 lpse
233 786 305 846 mihi
319 786 443 845 mavors
458 785 672 847 “Commendo
687 789 834 848 moenia”
849 789 926 851 ditrit

188 871 298 930 “Haec
311 868 374 929 tibi.
406 877 438 929 tu
453 869 574 944 pollens
589 870 666 930 urbe
680 872 802 946 nepotis
814 872 912 932 eris.”

94 964 131 1015 55
147 953 236 1014 Dicta
249 954 329 1014 fides
345 953 492 1027 sequitur.
522 959 642 1013 centum
662 955 851 1016 celebramur
869 956 899 1016 in
914 957 992 1017 arb:

186 1037 250 1097 Nec
264 1037 362 1096 levior
378 1037 488 1110 quovis
503 1042 551 1095 est
568 1037 640 1095 milri
659 1038 773 1098 mensis
788 1039 896 1100 honor.

144 1122 206 1180 Nec
220 1128 321 1180 tamen
336 1120 417 1179 hune
435 1118 525 1180 nobis
544 1122 752 1181 tantummodo
774 1128 909 1198 praestat
928 1123 1073 1187 honorem

186 1206 293 1265 Roma.
323 1203 490 1265 suburbani
505 1202 578 1264 dant
591 1204 663 1265 mihi
678 1211 788 1266 munus
804 1206 894 1265 idem.

144 1289 280 1363 Inspice,
299 1304 379 1363 quos
396 1286 506 1347 babeat
520 1288 684 1348 nemoralis
698 1289 801 1348 Aricia
815 1289 922 1366 lastos,

90 1381 128 1435 60
183 1373 221 1432 Et
240 1373 374 1448 populus
389 1374 526 1434 Laurens
540 1372 770 1447 Lanuviumque
785 1387 901 1434 meum=

143 1457 199 1517 Est
212 1456 273 1515 illic
288 1456 402 1515 mensis
416 1455 575 1515 Iunonius.
606 1456 728 1531 Inspice
741 1456 834 1516 Tibur

187 1540 224 1598 Et
236 1539 451 1599 Praenestinae
466 1539 587 1599 moenia
599 1555 689 1599 sacra
703 1540 795 1599 deae:

145 1624 290 1684 Iunonale
302 1625 389 1698 leges
407 1632 537 1697 tempus.
565 1622 628 1683 Nec
644 1623 794 1684 Romulus
809 1623 877 1684 illas

102 1778 104 1781 .
188 1707 338 1768 Condidit.
370 1713 400 1765 at
414 1706 511 1766 nostri
525 1706 624 1767 Roma
637 1706 758 1781 nepotis
774 1711 860 1766 erat!

92 1800 129 1853 65
144 1790 276 1850 Finierat
289 1791 374 1851 luno.
400 1789 617 1865 Respeximus.
646 1790 785 1851 Herculis
800 1807 879 1852 uxor

187 1874 306 1948 Stabat,
329 1881 359 1933 ot
373 1874 403 1932 in
417 1874 504 1934 voltu
520 1874 608 1948 sigua
625 1873 756 1934 dolentis
771 1880 867 1934 erant.

145 1959 222 2018 ‘Non
241 1973 315 2033 ego,
334 1958 360 2018 si
375 1963 439 2018 toto
454 1963 550 2017 mater
564 1970 612 2016 me
627 1957 737 2017 cedere
753 1959 839 2018 caelo

188 2042 328 2116 Iusserit‚
345 2042 438 2102 invito
452 2048 546 2100 matre
560 2040 716 2100 morabor’
731 2041 781 2101 ait.

144 2127 242 2185 ‘Nunc
259 2140 383 2202 quoque
398 2140 460 2186 non
474 2126 572 2186 luctor
586 2125 625 2184 de
638 2124 762 2184 nomine
776 2125 924 2200 temporis
938 2125 1027 2187 huius

91 2218 128 2273 70
183 2209 344 2282 Blandior,
360 2217 390 2268 et
403 2215 508 2285 partes
522 2224 621 2285 paene
639 2209 776 2284 rogantis
792 2222 861 2284 ago,

143 2294 281 2368 Remque
295 2293 354 2352 mei
373 2293 448 2353 iuris
461 2293 564 2353 malim
579 2293 713 2353 tenuisse
728 2291 899 2368 precandoa

185 2378 223 2437 Et
237 2378 343 2437 faveas
360 2392 473 2437 causae
487 2377 614 2438 forsitan
630 2377 698 2452 lpse
712 2391 808 2436 meae.

144 2462 247 2520 Aurea
261 2461 403 2536 possedit
417 2460 503 2521 socio
519 2459 668 2535 Capitolia
683 2461 795 2536 templo

186 2545 296 2620 Mater,
312 2552 341 2603 et
351 2553 384 2604 ut
398 2542 501 2615 debet,
519 2559 588 2604 cum
601 2544 674 2604 love
689 2553 808 2604 summa
827 2550 919 2603 tenet.

69 2677 72 2681 .
88 2637 124 2691 75
139 2630 179 2688 At
193 2629 289 2689 decus
305 2644 394 2690 omne
412 2625 484 2686 mihi
502 2627 648 2701 contlngit
664 2628 780 2702 origiue
793 2627 919 2687 mensis.

185 2713 301 2772 Unicus
316 2720 377 2786 est,
394 2712 433 2771 de
452 2726 512 2784 quo
528 2710 740 2786 sollicitamur,
755 2711 864 2771 honor.

143 2796 221 2869 Quid
237 2811 346 2871 grave,
363 2796 389 2855 si
403 2795 520 2855 titulum
533 2794 664 2869 mensis,
683 2794 835 2870 Romane,
850 2792 961 2854 dedisti

185 2880 325 2940 Herculis
340 2880 445 2951 uxori,
466 2878 691 2953 posteritasque
705 2886 842 2938 memor?

142 2963 226 3023 llaec
242 2980 366 3040 quoque
377 2969 457 3022 terra
471 2962 587 3037 aliquid
602 2962 693 3022 debet
707 2961 779 3020 mibi
796 2961 917 3020 nomine
928 2961 1027 3036 magni

88 3055 125 3108 80
182 3048 335 3123 Coniugis.
367 3046 427 3106 huc
443 3053 549 3122 eaptus
564 3046 681 3120 appulit
694 3046 745 3104 ille
758 3046 869 3126 boves,

142 3131 198 3190 Hic
212 3134 290 3190 male
306 3132 453 3192 defensus
472 3129 603 3190 ilammis
623 3137 653 3190 et
666 3130 738 3188 dote
753 3135 879 3202 patema

186 3216 283 3276 Cacus
298 3215 479 3275 Aventinam
495 3213 643 3289 sanguine
658 3212 745 3272 tinxit
758 3212 892 3272 humum.

142 3300 193 3358 Ad
208 3300 354 3374 propiora
369 3313 476 3359 vocor.
503 3297 651 3372 Populum
667 3295 795 3371 digessit
809 3295 848 3355 ab
863 3294 950 3356 annis

185 3384 349 3456 Romulus,
365 3383 396 3442 11
411 3392 513 3458 partes
529 3380 743 3455 distribuitque
757 3379 846 3441 duas.

89 3474 124 3527 85
140 3465 223 3525 Haec
240 3467 315 3526 dare
329 3466 502 3537 consilium,
519 3479 656 3541 pugnare
675 3463 808 3540 paratior
823 3463 874 3522 illa
888 3469 950 3523 est=
