2318 3960
99 217 138 280 10
493 214 720 277 TRISTIUM

203 368 395 430 Semianimis
411 368 512 427 media
527 365 731 441 procubuisse
747 366 855 427 domo:

162 454 260 527 thue
275 451 441 512 resurrexit
456 450 586 510 foedatis
602 451 728 524 pulvere
742 451 822 525 turpi

201 535 338 596 Crinibus
355 541 384 594 et
398 534 499 609 gelida
514 533 650 591 membra
665 533 777 593 levavit
791 534 893 610 humo,

111 629 144 683 95
162 617 202 680 Se
216 619 324 691 modo,
341 619 481 678 desertos
496 617 588 677 modo
605 617 816 691 complorasse
832 628 969 695 penates,

202 703 320 764 Nomen
334 707 364 761 et
378 703 474 777 erepti
490 716 585 776 saepe
598 714 732 762 vocasse
747 702 813 774 viri,

161 788 224 846 Nec
238 784 392 862 gemuisse
405 786 519 860 minus,
537 800 627 858 quarn
642 785 668 845 si
684 792 813 846 nataeve
828 801 968 846 meurnve

201 869 340 929 Vidisset
354 877 485 931 structos
501 884 614 944 corpus
629 867 743 929 habere
757 885 861 945 rogos,

159 955 197 1013 Et
209 953 347 1014 voluisse
360 954 454 1029 mori,
471 953 629 1013 moriendo
645 968 762 1029 ponere
777 970 922 1016 sensus...

100 1046 150 1099 100
204 1039 422 1112 Respectuque
436 1044 536 1097 tamen
552 1052 614 1096 non
629 1038 767 1098 voluisse
781 1039 850 1097 mei.

159 1121 263 1181 Vivat!
279 1128 309 1180 et
323 1121 510 1183 absentem...
526 1121 670 1196 quoniam
681 1122 727 1181 sic
741 1123 802 1183 iata
815 1124 977 1182 tulerunt...

201 1206 293 1265 Vivat
308 1212 340 1266 ut
353 1205 465 1266 auxilio
482 1204 621 1266 sublevet
634 1220 735 1278 usquc
750 1221 818 1265 suo.

99 1339 140 1429 4·
163 1337 325 1444 Tinguitur
341 1386 458 1431 occano
474 1378 579 1432 custos
594 1371 833 1450 Erymanthidos
848 1384 949 1442 ursae,

208 1457 453 1531 Aequoreusque
468 1471 526 1515 suo
543 1456 645 1515 sidere
660 1455 761 1516 turbat
775 1470 883 1529 aquas.

162 1541 225 1598 Nos
242 1546 341 1598 tamen
356 1539 473 1598 ionium
487 1555 549 1599 non
563 1545 670 1598 nostra
684 1538 828 1598 findimus
844 1551 961 1611 aequor

203 1621 335 1697 Sponte,
352 1622 408 1681 sed
423 1620 557 1681 audaces
574 1622 711 1696 cogimur
725 1636 796 1681 csse
811 1627 902 1680 metu.

131 1713 147 1764 5
160 1707 209 1766 Me
224 1706 381 1765 miserumt
404 1705 523 1780 quantis
539 1705 714 1779 nigrescunt
728 1720 863 1780 aequora
878 1703 986 1776 ventis,

204 1790 360 1861 Erutaque
375 1788 496 1847 eximis
511 1789 608 1848 fervet
623 1803 716 1848 arena
729 1787 829 1848 vadis.

162 1873 265 1932 Monte
279 1885 336 1930 nec
351 1871 475 1931 inferior
490 1887 601 1947 prorae
616 1871 777 1947 puppique
791 1886 939 1932 recurvae

204 1955 301 2015 Insilit
315 1960 345 2015 et
360 1954 459 2030 pictos
475 1956 615 2016 verberat
630 1956 712 2016 unda
727 1956 813 2015 deos.

162 2040 255 2098 Pinea
271 2043 354 2098 texta
370 2045 494 2112 sonant,
512 2039 593 2114 pulsi
609 2039 740 2100 stridore
755 2040 910 2115 rudentes,

117 2128 149 2186 to
205 2121 349 2197 Adgemit
366 2128 396 2181 et
411 2122 524 2182 nostris
541 2124 610 2198 ipsa
624 2124 728 2183 carina
745 2123 843 2184 malis.

165 2207 287 2278 Navita,
307 2205 469 2265 consessus
489 2206 622 2280 gelidum
642 2208 760 2282 pallore
779 2208 927 2279 timorem,

203 2291 268 2349 Iam
284 2288 422 2363 sequitur
436 2288 550 2365 victuS,
568 2305 630 2350 non
644 2291 722 2367 regit
740 2299 806 2352 arte
817 2300 921 2352 ratem.

163 2374 264 2449 thue
280 2387 387 2447 parurn
403 2372 524 2433 validus
540 2389 602 2433 non
622 2375 814 2450 proficientia
828 2383 930 2436 rector

207 2455 341 2516 Cervicis
360 2455 478 2531 rigidae
493 2458 579 2517 irena
593 2461 714 2520 remittit
730 2475 821 2535 equo,

120 2549 150 2602 15
167 2540 218 2600 Sic
239 2555 300 2616 quo
322 2554 382 2599 non
402 2540 514 2616 voluit,
536 2542 594 2603 sed
614 2559 676 2619 quo
695 2543 776 2618 rapit
794 2544 925 2617 impetus
946 2541 1059 2611 undae,

206 2623 353 2697 Aurigam
373 2624 465 2684 video
486 2626 556 2686 vcia
571 2625 697 2687 dedisse
716 2627 782 2685 rati.

165 2707 252 2780 Quod
272 2706 330 2766 nisi
350 2713 479 2769 mutatas
497 2710 631 2770 emiserit
645 2709 762 2769 Aeolus
783 2725 882 2784 auraS,

204 2791 238 2848 ln
258 2790 327 2849 loca
342 2792 401 2850 iam
419 2792 508 2853 nobis
528 2809 590 2852 non
609 2792 752 2852 adeunda
767 2794 857 2851 ferar.

167 2874 242 2932 Nam
261 2876 368 2948 procui
387 2877 500 2955 Illyriis
520 2878 608 2935 laeve
628 2876 667 2935 de
687 2881 773 2948 parte
792 2874 906 2935 relictis

116 2967 151 3018 20
208 2957 372 3019 interdicta
388 2960 460 3019 mihi
480 2959 613 3020 cernitur
631 2957 725 3016 Italia.

167 3041 293 3100 Desinat
312 3041 342 3101 in
362 3044 472 3103 vetitas
494 3056 610 3116 quaeso
632 3040 817 3100 contendere
837 3048 944 3115 terras,

206 3124 243 3183 Et
261 3140 381 3185 mecum
401 3140 511 3200 magno
529 3129 635 3199 parcat
654 3138 730 3183 aura
752 3125 821 3185 deo.

165 3207 243 3267 Dum
260 3208 386 3282 loquor,
408 3214 438 3267 et
454 3207 546 3281 cupio
567 3206 680 3281 pariter
699 3209 854 3283 timeoque
873 3207 989 3286 revattt,

207 3291 358 3364 increpuit
379 3288 498 3363 quantis
518 3290 634 3350 viribus
653 3292 737 3351 unda
756 3295 848 3352 latus!

115 3380 150 3432 ab
164 3371 280 3432 Parcite
300 3373 430 3432 caerulei
451 3388 508 3432 vos
528 3373 635 3434 saltem
654 3376 785 3435 numina,
796 3376 890 3451 ponti,

208 3455 415 3529 infestumque
433 3455 504 3514 mihi
525 3458 564 3518 sit
584 3457 659 3518 satis
680 3475 751 3519 esse
770 3461 886 3518 lovem.
