2318 3960
427 223 455 295 1,
477 221 656 286 aar-402.
994 224 1056 292 alt

57 384 113 440 ³65
129 375 259 438 caerula
273 389 365 448 quem
379 374 508 448 genitrix
524 389 615 448 aegre
630 377 727 437 solata
740 378 903 450 dolentem,

161 457 291 519 Addidit
308 456 386 517 haec
401 457 491 517 dictis
509 459 615 518 ultima
628 460 723 520 verba
737 463 820 522 suisa

125 543 236 617 ‘Siste,
251 557 342 617 puer,
359 541 517 601 lacrimas!
547 540 674 604 Proteus
688 550 741 605 tua
755 546 867 606 damna
879 545 1004 611 levabit.

165 626 296 702 Quoque
310 625 404 685 modo
424 639 550 701 repares
564 642 646 699 quae
661 628 795 704 periere,
812 628 904 690 dabit

126 709 265 786 Decipiat
279 723 319 768 ne
333 714 364 769 te
377 710 478 769 versis
493 715 593 770 tamen
608 711 659 770 ille
678 711 795 788 figuris,

57 801 114 857 370
164 791 336 869 Impediant
348 793 488 868 geminas
503 792 627 854 vincula
642 794 729 857 firma
746 803 878 857 manus!

126 877 267 940 Pervenit
279 877 321 936 ad
335 884 435 937 vatem
455 877 591 949 iuvenis,
607 880 806 955 resolutaque
819 897 928 942 somno

165 961 279 1038 Alligat
292 960 438 1038 aequorei
453 959 599 1021 bracchia
615 968 705 1037 capta
719 963 813 1024 senis.

126 1046 182 1107 llle
201 1061 260 1107 sua
274 1044 383 1104 laciem
396 1044 590 1106 transformis
609 1047 759 1106 adulterat
772 1055 851 1108 artes

166 1129 240 1190 Mox
255 1127 388 1190 domitus
402 1127 514 1190 vinclis
532 1129 562 1189 in
578 1146 636 1189 sua
650 1131 787 1191 membra
799 1132 888 1191 redit.

57 1226 111 1282 375
128 1211 249 1290 Oraque
264 1213 406 1274 caerulea
419 1213 530 1273 tollens
545 1211 679 1273 rorantia
694 1214 798 1285 barba,

168 1296 257 1371 ‘Qua’
278 1296 354 1357 dixit
368 1301 507 1373 ‘repares
523 1303 603 1367 arte,
619 1298 766 1372 requiris,
784 1306 879 1373 apes?

129 1379 231 1442 Obrue
244 1380 366 1441 mactati
381 1396 496 1455 eorpus
512 1382 620 1441 tellure
636 1382 773 1443 iuvenci:

169 1463 257 1538 Quod
271 1464 351 1540 petis
366 1463 504 1538 anobis,
524 1463 650 1526 obrutus
666 1466 717 1526 ille
733 1465 838 1526 dabit!

127 1549 218 1609 lussa
232 1548 304 1609 iacit
318 1554 434 1623 pastor.
463 1547 594 1608 Fervent
609 1550 751 1610 examina
767 1551 846 1625 putri

58 1641 114 1694 380
168 1630 215 1692 De
232 1632 324 1692 bove.
355 1631 437 1692 mille
452 1633 569 1693 animas
584 1650 646 1694 una
664 1640 773 1694 necata
788 1634 879 1694 dedit.

126 1714 230 1776 Poscit
244 1731 334 1776 ovem
348 1717 451 1778 latum.
480 1717 632 1778 verbenas
649 1716 788 1794 improba
802 1716 925 1793 carpsit,

173 1799 255 1874 Quas
270 1798 323 1875 pia
338 1800 386 1859 dis
399 1800 480 1860 ruris
496 1802 574 1860 lerre
590 1802 711 1863 solebat
725 1818 813 1862 anus.

10 1893 17 1940 2
129 1883 207 1958 Quid
221 1884 275 1943 tuti
289 1889 447 1958 superest,
463 1883 594 1944 animam
608 1900 677 1944 cum
692 1891 786 1960 ponat
799 1883 830 1944 in
845 1885 906 1944 aris

169 1967 412 2042 Lanigerumque
428 1982 525 2041 pecus
540 1968 754 2043 mricolaeque
768 1968 888 2029 boves?

60 2066 114 2119 385
129 2049 233 2111 Placat
246 2066 327 2126 equo
341 2050 444 2110 Persis
458 2050 553 2110 radiis
570 2052 750 2129 Hyperiona
765 2051 905 2121 cinctum,

113 2144 116 2152 ·
170 2134 215 2194 lle
229 2134 318 2194 detur
333 2133 424 2194 celeri
439 2133 563 2193 victima
575 2136 664 2194 tarda
678 2135 747 2196 deo.

130 2217 214 2292 Quae
227 2219 324 2278 semel
342 2223 389 2277 est
402 2215 513 2292 triplici
529 2233 584 2292 pro
601 2218 720 2293 virgine
735 2233 828 2278 caesa
842 2218 965 2290 Dianae,

170 2301 258 2363 Nunc
274 2317 398 2377 quoque
413 2317 469 2375 pro
485 2302 568 2361 nulla
582 2302 699 2377 virgine
714 2318 806 2364 cerva
820 2301 910 2361 cadit.

128 2385 207 2446 Exta
222 2402 332 2446 canum
346 2385 409 2444 vidi
422 2384 542 2445 Triviae
556 2386 652 2448 libare
668 2386 816 2461 Sapaeos,

61 2477 117 2532 090
171 2469 208 2529 El
222 2469 408 2544 quicumque
423 2475 493 2529 tuas
507 2470 632 2542 accolit,
648 2472 778 2543 Haeme,
794 2470 892 2530 nives.

129 2553 270 2614 Caeditur
285 2562 315 2615 et
327 2553 426 2628 rigido
442 2553 562 2613 custodi
577 2555 657 2615 ruris
673 2555 803 2615 asellus:

170 2637 271 2697 causa
288 2637 435 2713 pudenda
454 2637 595 2712 quidem,
612 2637 670 2697 sed
687 2645 786 2702 tamen
802 2644 874 2713 apta
893 2637 962 2696 deo.

10 2712 20 2755 ·'
127 2720 221 2782 Festa
239 2720 435 2800 corymbiferi
452 2720 632 2781 celebrabas
649 2721 778 2780 Graecia
792 2720 913 2792 Bacchi,

167 2805 269 2866 Tertia
283 2822 363 2882 quae
376 2805 465 2865 solito
482 2810 618 2880 tempore
632 2803 741 2864 bruma
754 2804 855 2864 refert.

59 2903 113 2958 395
128 2888 166 2949 Di
184 2905 310 2966 quoque
329 2890 462 2951 cultores
478 2887 508 2948 in
523 2889 604 2949 idem
620 2903 733 2948 venere
748 2887 853 2966 Lyaei,

166 2973 205 3034 Et
222 2974 409 3049 quicumque
424 2971 502 3033 iocis
517 2989 578 3034 non
595 2973 713 3033 alienus
732 2978 812 3032 erat=

127 3056 245 3130 Panes,
263 3065 294 3120 et
306 3058 338 3118 in
353 3072 499 3118 venerem
513 3063 686 3134 satyromm
701 3072 800 3131 prona
813 3053 965 3120 iuventus.

170 3141 320 3221 Quaeque,
334 3143 437 3203 colunt
451 3156 558 3200 amnes
573 3141 704 3214 solaque
716 3155 790 3200 rura
807 3138 894 3198 deae.

10 3280 17 3309 ἱ
127 3227 264 3289 Venerat
277 3233 307 3287 ot
326 3225 430 3286 senior
444 3225 548 3301 pando
564 3223 685 3285 Silenus
700 3224 807 3295 asello,

60 3317 113 3370 100
170 3310 289 3386 Quique
302 3309 395 3372 ruber
408 3309 540 3385 pavidas
555 3307 679 3384 inguine
693 3313 786 3367 terret
799 3321 884 3366 area.

122 3394 230 3457 Dulcia
244 3395 297 3471 qui
311 3394 437 3470 dignum
451 3408 560 3454 nemus
574 3392 606 3452 in
620 3391 762 3452 convivia
775 3389 856 3451 nacti

164 3479 306 3539 Gramine
319 3477 438 3538 vestitis
456 3476 630 3537 accubuere
647 3476 732 3536 toris.
842 3558 857 3590 *

803 3565 837 3619 ll
