2318 3960
395 235 452 300 ΙΙΙ.
475 235 509 307 l,
530 231 651 311 99-2,
673 235 703 298 5.

121 393 196 452 'inm
211 390 274 464 tibi,
298 388 329 449 di
345 387 464 460 iaclant,
488 387 621 448 adeundi
637 389 728 465 copia
742 389 810 450 fiat:

163 475 340 536 Profectum
354 470 470 548 aliquid
484 479 547 532 turn
561 479 612 532 tua
627 472 721 533 verba
736 481 834 549 putes.

122 559 155 620 Si
172 559 247 635 quid
261 562 331 633 agot
344 557 453 632 maius,
474 553 565 615 dllier
576 561 629 616 tua
644 563 763 632 coepta.
795 566 935 633 caveque

55 653 109 707 tle
164 642 257 719 Spem
272 639 445 702 lestlnando
462 639 664 715 praecipitare
677 654 786 700 meam.

121 728 185 788 Nec
198 741 306 787 rursus
320 722 423 796 iubeo,
446 723 518 783 dum
533 723 573 783 sit
587 724 781 796 vacuissima,
803 740 950 801 quaeras:

165 809 309 888 Corporis
323 808 364 869 ad
378 822 482 869 curam
497 807 551 867 vix
566 812 655 869 vacat
668 808 721 868 illa
735 808 793 869 sui.

122 895 212 956 Curia
227 910 296 955 cum
311 891 449 969 patribus
465 891 554 951 iurarit
569 891 679 967 stipata
693 893 846 967 verendis

161 978 220 1038 Per
233 992 334 1037 rerum
348 976 466 1037 turbam
479 982 512 1035 tu
527 984 652 1051 quoque
667 983 788 1052 oporiet
802 991 867 1039 eas.

55 1072 107 1128 145
121 1063 195 1124 Cum
209 1061 263 1122 tibi
277 1058 438 1136 contigerit
453 1059 567 1120 vultum
581 1060 705 1120 Iunonis
722 1060 815 1135 adire,

164 1146 225 1207 Fac
240 1145 284 1206 sis
300 1159 463 1222 personae,
488 1158 578 1218 quam
592 1151 705 1217 tueare,
729 1159 854 1204 memor.

121 1231 184 1292 Nec
199 1231 312 1291 lactum
326 1227 459 1289 defende
472 1241 585 1287 meum.
617 1228 698 1287 mala
712 1240 806 1288 causa
818 1229 939 1290 silenda
953 1238 1008 1290 est.

164 1314 212 1374 Nil
226 1313 285 1374 nisi
301 1311 450 1375 sollicitae
465 1311 525 1371 sint
538 1320 590 1372 tua
604 1311 699 1372 verba
715 1325 833 1387 preces.

120 1400 196 1459 Tum
210 1397 342 1459 lacrimis
358 1388 509 1458 demenda
522 1411 610 1455 mora
624 1404 679 1468 est,
703 1396 928 1473 summissaque
943 1404 1024 1457 terro

54 1493 109 1547 150
162 1483 213 1543 Ad
228 1497 289 1542 non
303 1480 441 1542 mortalis
454 1479 581 1540 brachio
593 1480 686 1539 tende
699 1479 808 1554 pedes.

120 1567 196 1626 Tum
211 1575 282 1643 pete
296 1566 338 1626 nil
352 1565 444 1638 aliud,
466 1579 563 1625 saevo
577 1564 638 1624 nisi
653 1562 692 1623 ab
706 1563 797 1624 hoste
811 1563 968 1624 recedam:

162 1650 288 1712 Hostem
303 1649 453 1710 torturam
469 1647 508 1708 sit
521 1648 597 1709 satis
612 1662 684 1708 esse
697 1647 780 1708 milri.

119 1733 210 1795 Plura
225 1733 349 1810 quidem
363 1731 503 1793 subeant.
541 1731 598 1792 sed
613 1731 784 1792 disturbata
798 1732 906 1793 timore

162 1818 247 1878 Haec
263 1831 388 1894 quoquo
401 1816 454 1876 vix
467 1816 584 1892 poteris
599 1831 678 1875 voce
693 1823 840 1877 tremente
854 1816 948 1893 loqui.

58 1913 109 1969 165
122 1902 272 1978 Suspicor
285 1901 345 1962 hoe
360 1901 471 1961 damno
487 1900 553 1960 lore
567 1916 628 1960 non
644 1900 707 1959 tibi.
732 1900 842 1961 sentiet
856 1898 906 1960 illa
930 1911 933 1914 ’

162 1986 204 2046 Te
219 1987 407 2046 maiestatem
423 1983 616 2060 pertimuisse
631 1999 727 2043 suam.

120 2071 192 2143 Nae,
210 2079 262 2130 tua
276 2070 303 2131 si
318 2068 391 2129 lietu
406 2068 583 2129 scindentur
599 2067 702 2141 verba,
724 2065 854 2131 nocebit.

160 2155 314 2214 Interdum
328 2153 471 2213 lacrimae
486 2151 623 2227 pondera
637 2151 725 2211 vocis
740 2150 862 2212 habent.

120 2239 187 2298 Lux
203 2238 292 2298 etiarn
307 2238 425 2313 coeptis
441 2236 531 2296 lacito
545 2235 628 2296 bona
641 2235 752 2296 talibus
768 2234 856 2309 adsit,

58 2330 109 2383 160
161 2322 306 2397 Horaque
322 2320 508 2382 conveniens
524 2320 757 2396 auspiciumque
772 2319 891 2380 lavans.

122 2405 185 2466 Sed
200 2405 286 2481 prius
300 2405 444 2482 imposito
461 2404 575 2465 sanctis
590 2403 735 2464 altaribus
751 2403 813 2479 igni

161 2492 240 2550 Tura
258 2490 304 2549 ier
318 2491 357 2550 ad
371 2502 502 2565 magnos
517 2489 651 2564 vinaque
665 2503 743 2564 pura
756 2488 843 2549 deos.

120 2573 145 2632 E
161 2573 272 2649 quibus
286 2581 356 2635 ante
371 2571 470 2635 omnis
485 2573 655 2647 Augustum
671 2587 781 2632 numen
799 2572 902 2647 adora,

160 2657 401 2734 Progeniemque
415 2657 506 2733 piam,
528 2655 769 2731 participemque
783 2655 851 2714 tori.

56 2749 107 2803 165
121 2741 188 2801 Sint
200 2743 315 2803 utinam
329 2742 417 2802 mites
432 2741 523 2800 solito
537 2740 590 2800 tibi
604 2754 698 2812 more,
720 2745 852 2814 tuasque

164 2826 229 2885 Non
248 2826 332 2887 duris
347 2824 636 2887 lacrimas-vultum
652 2823 815 2899 aspiciant!

440 2972 645 2982 ——--

64 3009 106 3100 2.
162 3043 349 3104 oorrnrr.

122 3124 225 3230 Quam
242 3162 319 3236 legis
334 3161 456 3223 anobis
471 3161 597 3222 missam
610 3159 673 3232 tibi,
697 3159 791 3230 Cotta,
811 3157 948 3234 salutem,

160 3245 257 3307 Missa
271 3247 310 3306 sit
324 3253 358 3306 ut
370 3261 444 3306 vere
460 3244 688 3322 perveniatque,
709 3257 829 3318 precor.

117 3330 255 3406 Namque
270 3332 346 3392 meis
362 3346 474 3406 sospes
490 3329 613 3391 multum
631 3326 813 3388 cruciatibus
829 3326 940 3401 aufers,

160 3415 261 3492 thue
277 3416 316 3476 sit
330 3431 347 3474 e
361 3414 451 3476 nobis
466 3430 538 3490 pars
553 3412 636 3474 bona
650 3412 745 3487 salvo,
760 3410 849 3473 lacis.

83 3507 99 3558 5
119 3499 256 3577 Cumque
269 3499 373 3560 labent
386 3499 495 3575 aliqui,
516 3495 690 3574 iactatuque
702 3495 772 3558 vola
786 3495 967 3570 relinquant,
