2318 3960
98 157 160 224 152
428 116 431 120 “
498 159 558 220 rx
578 158 727 222 rouro

225 312 320 388 Quive
335 317 523 387 repertorem
537 312 645 372 tormit
660 317 724 371 arte
739 327 810 372 sauz

131 405 165 459 tt
180 395 242 456 Sed
258 411 350 471 quam
364 403 460 455 marte
475 397 563 455 ierox
578 403 609 456 et
622 396 703 455 vinci
719 394 843 455 nescius
862 394 971 472 muris,

221 481 295 539 Tam
310 495 489 555 numquam,
507 480 586 539 iacta
602 494 695 554 pace,
711 477 829 539 cruoris
844 494 963 539 amaus.

180 563 286 636 Adde,
305 562 389 640 quod
405 563 553 638 ingenuas
569 563 716 623 didicisse
730 562 861 623 fideliter
873 569 958 623 artes

222 646 344 707 Emollit
358 662 478 722 mores,
493 661 551 706 nec
566 647 637 709 sinit
652 661 723 706 esse
743 646 835 706 ieros.
881 676 884 681 ·

180 729 243 789 Nec
257 745 364 804 regum
379 730 543 805 quisquam
558 729 656 805 magis
672 736 720 790 est
734 730 899 790 instructus
915 728 956 789 ab
970 729 1041 804 ittrs,

131 819 166 872 50
221 813 345 873 Mitibus
360 821 411 873 aut
425 814 535 874 studiis
551 821 691 888 tempora
704 814 794 889 plura
809 812 903 873 dedit

182 896 321 956 Carmina
336 903 494 957 testantur.
526 913 621 971 quae,
637 897 664 957 si
678 903 731 957 tua
745 896 1001 970 commodemus,

222 980 394 1040 Threicium
409 980 551 1041 iuvenem
567 982 785 1057 composuisse
798 995 940 1055 negem·
1048 988 1052 995 ¹

180 1063 264 1122 Neve
279 1062 337 1123 sub
352 1063 412 1124 hoc
426 1071 524 1124 tractu
540 1071 626 1124 vates
640 1066 720 1126 toret
733 1064 841 1125 unicus
857 1062 1011 1138 Orpheus,

223 1146 360 1208 Bistonis
375 1147 498 1222 iugenio
513 1155 594 1208 terra
608 1147 744 1224 superba
757 1155 810 1209 tuo
825 1153 882 1208 est.
910 1194 914 1199 .
961 1208 964 1213 .

129 1244 164 1300 55
177 1230 278 1306 thue
292 1230 346 1291 tibi
361 1237 408 1291 est
422 1232 556 1304 animus,
575 1247 645 1292 cum
662 1247 712 1290 res
729 1232 770 1292 itu
784 1231 934 1308 postulat,
948 1244 1033 1289 arma

224 1314 351 1376 Sumere
366 1322 397 1374 et
410 1315 512 1376 hostili
528 1316 645 1390 tingere
660 1316 756 1375 caede
769 1331 901 1389 manum,

180 1402 282 1475 Atque
297 1406 330 1461 ut
345 1415 379 1460 es
395 1414 530 1460 excusso
545 1399 678 1459 iaculum
693 1405 837 1475 torquere
850 1401 966 1460 lacerto

224 1483 369 1557 Collaque
384 1482 501 1543 velocis
521 1481 645 1543 flectere
660 1483 770 1543 doctus
785 1483 867 1557 equi,

180 1568 332 1642 Tempora
346 1567 392 1626 sic
407 1567 478 1627 data
492 1573 563 1626 sunt
577 1566 686 1627 studiis
701 1566 754 1627 ubi
768 1567 849 1626 iusta
863 1564 1009 1641 paternis,

128 1659 164 1714 60
219 1655 321 1724 Atque
341 1651 407 1709 suis
422 1651 556 1709 numeris
572 1652 650 1710 torte
665 1651 781 1725 quievit
795 1665 885 1725 opus,

180 1734 224 1793 Ne
240 1740 291 1793 tua
305 1740 496 1793 marcescant
512 1749 569 1809 per
587 1733 691 1794 inertis
711 1734 773 1794 otia
788 1748 925 1806 somnos,

222 1817 339 1877 Lucida
353 1816 452 1877 Pieria
465 1817 566 1877 tendis
582 1818 612 1876 in
628 1825 710 1878 astra
724 1819 784 1878 via.
960 1816 963 1823 '

181 1902 265 1962 Haec
281 1916 407 1977 quoquc
421 1917 472 1961 res
487 1901 603 1975 aliquid
619 1910 718 1963 tecum
732 1900 804 1961 mihi
820 1899 958 1962 foederis
972 1897 1073 1960 affert.

222 1985 369 2045 Eiusdem
385 1986 465 2045 sacri
480 1985 579 2047 cultor
592 1992 722 2061 uterque
736 2001 854 2045 sumus.
964 2022 969 2031 -

131 2071 165 2126 65
180 2070 231 2128 Ad
247 2076 347 2130 vatem
361 2076 448 2130 vates
464 2069 582 2130 orantia
596 2068 723 2128 brachia
736 2069 840 2142 teudo,

222 2155 316 2212 Terra
330 2152 369 2212 sit
381 2154 480 2212 exitiis
497 2159 530 2213 ut
543 2160 594 2212 tua
609 2153 672 2214 fida
687 2151 774 2213 meis.
861 2186 865 2196 ·

181 2238 248 2297 Non
264 2251 322 2310 ego
338 2237 434 2295 caede
449 2252 565 2297 nocens
580 2237 609 2296 in
623 2236 711 2296 Ponti
726 2236 816 2297 litora
831 2235 910 2306 veui,

223 2319 357 2379 Mixtave
372 2326 443 2378 sunt
457 2326 563 2381 nostra
577 2320 642 2379 dira
660 2335 782 2379 venena
796 2333 901 2378 manue

183 2404 245 2462 Nec
260 2418 328 2462 mea
343 2401 481 2463 subiecta
495 2404 636 2464 convicta
653 2409 701 2464 est
714 2418 835 2478 gemma
849 2399 962 2462 tabella
985 2430 989 2436 ·

129 2499 164 2556 το
219 2486 398 2554 Mendacem
414 2487 482 2547 liuis
499 2488 686 2564 imposuisse
701 2493 814 2548 notam.

182 2570 245 2629 Nec
262 2569 441 2645 quicquam,
457 2573 543 2647 quod
556 2575 624 2647 lege
640 2577 726 2632 vetor
741 2569 944 2642 committere,
958 2568 1036 2630 fecie

223 2653 279 2714 Est
292 2659 392 2713 tamen
408 2655 456 2715 his
471 2656 596 2730 gravior
609 2671 692 2715 noxa
706 2655 830 2715 fatenda
844 2651 928 2712 mihi.

182 2738 266 2797 Neve
280 2753 382 2813 roges,
398 2754 478 2814 quae
493 2740 542 2799 sit.
558 2740 679 2800 stultam
696 2755 787 2814 quam
802 2736 984 2812 scripsimus
998 2736 1085 2796 Amet

225 2823 378 2882 innocuas
394 2822 483 2881 nobis
498 2823 575 2883 haec
590 2829 672 2882 vetat
686 2837 892 2884 assemanus.
967 2822 971 2827 '

131 2916 166 2973 75
179 2906 298 2982 Ecquid
313 2913 473 2981 praeterea
487 2908 655 2981 peccarim,
673 2921 820 2981 quaerere
835 2905 907 2980 noli,
991 2956 994 2966 t

222 2989 262 3049 Ut
276 2989 367 3050 lateat
382 2991 450 3050 sola
465 2993 556 3066 culpa
571 2990 629 3051 sub
644 2992 718 3051 Arte
732 3005 811 3049 mea.

172 3073 333 3149 'Quicquid
348 3074 379 3133 id
395 3080 455 3148 est,
471 3073 576 3135 habuit
593 3073 779 3134 moderatam
794 3069 926 3133 vindicis
941 3070 1027 3146 iram,

225 3157 279 3230 Qui
294 3157 353 3216 nisi
368 3158 498 3217 natalem
512 3158 553 3217 nil
568 3158 640 3218 mihi
656 3157 789 3233 dempsit
802 3156 926 3217 humum
982 3156 985 3161 '

181 3241 246 3300 Hac
262 3240 405 3316 quoniam
420 3257 527 3316 careo,
542 3247 594 3301 tua
612 3257 693 3302 nunc
707 3239 820 3301 vicinia
833 3244 980 3318 praestet,

130 3332 166 3385 8⁰
221 3324 326 3384 iuviso
341 3324 457 3400 possim
474 3332 555 3386 tutus
570 3332 604 3386 ut
618 3341 690 3386 esse
705 3325 784 3386 loco.

501 3462 703 3474 mun—n·-
