2318 3960
478 172 702 238 TRISTIUM

208 333 263 407 Qui
279 331 371 392 modo
388 330 427 389 de
443 327 545 387 uiuitis
565 344 644 409 unus
661 334 691 387 et
705 329 780 388 alter
795 337 889 388 erant.

164 420 251 480 Uxor
265 430 371 474 amans
388 411 512 470 flentem
526 408 605 470 flens
621 413 721 472 aerius
739 412 808 487 ipso
822 409 952 486 tenebat,

207 499 307 559 imbre
321 513 377 572 per
390 494 530 568 indignas
548 509 646 569 usque
663 496 790 555 cadente
805 511 910 569 genas.

165 586 240 645 Nata
254 581 361 658 procul
375 577 499 654 Libycis
515 576 621 638 aberat
635 578 758 639 diversa
772 578 829 639 sub
847 579 918 653 oris,

116 681 151 733 no
207 669 269 726 Nee
284 670 403 740 poterat
418 660 470 721 sati
486 660 596 721 certior
612 677 683 722 esse
702 662 771 722 mei.

166 753 365 826 Quocumque
379 745 551 820 aspiceres,
570 746 669 806 luctus
683 747 876 821 gemitusque
893 744 1051 818 sonabant,

207 835 379 907 Formaque
394 843 457 889 non
474 828 555 889 taciti
572 830 686 890 toneris
702 831 782 891 intus
801 836 875 889 erat.

165 918 290 978 Femina
303 915 413 989 virque
428 928 511 987 meo,
528 913 615 988 pueri
631 929 754 989 quoque
769 915 875 973 innere
891 921 1039 973 maerent=

208 1002 305 1076 Inque
320 999 412 1058 domo
430 997 570 1057 lacrimas
590 999 719 1072 angulus
735 998 833 1058 omnis
849 996 949 1056 habet.
1060 1020 1067 1035 ·

118 1096 152 1147 25
170 1086 202 1145 Si
218 1085 287 1143 licet
304 1081 454 1157 exemplis
470 1081 500 1139 in
515 1096 612 1155 parvo
628 1080 794 1156 grandibus
810 1081 862 1154 uti,

207 1170 291 1228 Haec
307 1166 402 1226 iacies
417 1164 538 1240 Troiae,
554 1179 623 1224 oum
639 1173 812 1239 caperetur,
828 1170 901 1223 erat.

167 1254 291 1326 iamque
309 1248 508 1325 quiescebant
522 1264 616 1309 voees
632 1249 849 1322 hominumque
865 1262 1045 1321 canumque,

208 1337 354 1410 Lunaque
369 1340 535 1395 nocturnos
552 1333 613 1391 alta
627 1332 753 1407 regebat
767 1347 877 1408 equos.

168 1420 253 1479 Hane
269 1434 326 1494 ego
343 1417 518 1493 suspiciens
535 1422 564 1474 et
580 1417 618 1476 ab
634 1416 693 1475 hae
708 1416 857 1491 Capitolia
872 1430 1009 1486 cernens,

119 1512 153 1565 30
210 1503 293 1577 Quae
309 1509 415 1562 nostro
430 1503 543 1560 trustra
556 1499 660 1560 iuncto
677 1501 761 1558 fuere
776 1500 841 1573 lari,

167 1586 308 1646 ‘Numina
320 1584 427 1644 vicinis
443 1582 609 1642 habitantia
623 1582 776 1655 sedibus',
792 1583 915 1658 inquam

209 1670 334 1744 Iamque
349 1667 445 1727 oeulis
461 1681 627 1740 numquam
643 1666 755 1740 templa
768 1666 899 1725 videndo
913 1664 999 1737 meis,

170 1753 267 1828 [tique
282 1749 487 1825 relinquendi,
506 1764 584 1825 quos
602 1748 675 1809 urbs
690 1754 771 1808 tenet
786 1753 846 1809 alta
862 1748 982 1822 Quirini,

207 1836 280 1895 Este
295 1835 415 1894 salutati
430 1840 549 1908 tempus
566 1833 597 1892 in
613 1848 703 1893 omne
714 1833 800 1892 mihi!

119 1929 153 1982 35
169 1920 206 1978 Et
221 1932 406 1994 quamquam
422 1932 492 1978 sero
513 1916 644 1991 clipeum
660 1923 732 1992 post
748 1917 872 1976 vulnera
887 1930 986 1989 sumo,

210 2003 352 2062 Attamen
368 2006 446 2061 nanc
462 2001 542 2060 odiis
559 2007 724 2060 exonerate
740 2001 851 2074 sogam,

169 2086 361 2161 caelestique
375 2085 458 2157 viro,
477 2084 545 2159 quis
563 2100 610 2142 me
626 2084 782 2159 deceperit
796 2099 889 2157 error,

210 2170 315 2229 Dicite.
350 2185 405 2243 pro
422 2168 513 2241 eulpa
528 2182 567 2225 nc
582 2169 684 2227 scelus
699 2183 770 2227 esse
786 2173 880 2242 putet.

168 2255 207 2314 Ut
223 2254 307 2328 quod
323 2268 379 2313 vos
395 2251 495 2324 scitis,
511 2266 632 2326 poenae
648 2267 772 2326 quoque
788 2251 897 2310 sentiat
912 2258 1028 2321 auctor,

119 2346 155 2398 40
210 2336 332 2396 Placato
349 2351 477 2412 possum
494 2351 556 2394 non
571 2334 665 2394 miser
680 2350 752 2395 esse
769 2335 850 2395 deo’

167 2421 232 2479 Hac
249 2435 340 2496 prece
357 2420 485 2480 adoravi
500 2414 631 2494 'superos
647 2434 715 2494 ego.
752 2418 890 2494 pluribus
906 2433 992 2492 uxor,

212 2504 353 2578 Singuitu
368 2503 487 2564 medios
503 2503 688 2578 impediente
703 2518 809 2563 sonos.

168 2589 222 2647 itia
238 2589 328 2647 etiam
343 2593 413 2647 ante
429 2588 508 2646 lares
528 2586 632 2662 passis
647 2593 800 2660 prostratu
815 2586 932 2660 capitiis

213 2671 343 2745 Contigit
358 2671 509 2730 extinctos
526 2685 581 2730 ore
595 2677 742 2732 tremente
756 2671 856 2742 iocos,

120 2763 154 2817 45
168 2755 323 2831 Multaque
338 2755 367 2813 in
382 2755 533 2813 adversos
549 2753 656 2814 effudit
671 2753 764 2814 verba
781 2760 906 2829 penates

210 2838 267 2897 Pro
285 2837 445 2911 deplorato
462 2855 524 2898 non
540 2838 670 2898 valitura
683 2839 760 2898 viro.

170 2922 296 2996 Iamque
310 2936 414 2981 morae
429 2922 562 2996 spatium
577 2937 638 2981 nox
653 2920 852 2997 praecipitata
868 2909 1007 2994 negabat,

210 3005 374 3079 versaque
390 3005 428 3066 ab
444 3021 503 3064 axe
519 3021 576 3066 suo
594 3005 754 3064 Parrhasis
773 3009 875 3063 arctos
891 3009 966 3064 erat.

171 3088 248 3162 Quid
264 3090 417 3148 iacerem?
438 3088 551 3148 blando
568 3088 684 3164 patriae
700 3087 852 3147 ret‘nebar
867 3100 985 3147 amore:

121 3181 156 3232 oo
213 3171 324 3231 Ultima
339 3171 395 3231 sed
411 3175 515 3234 iussae
530 3188 593 3231 nox
608 3180 672 3233 erat
687 3105 854 3246 iiiaingae.

170 3257 213 3314 A!
231 3254 372 3330 quotiens
388 3257 492 3330 aliquo
510 3255 573 3314 dixi
588 3263 773 3330 properante
787 3253 878 3325 ‘Quid
893 3258 1029 3328 urgues?

212 3338 271 3398 Vei
287 3355 348 3413 quo
366 3340 492 3400 festines
507 3339 567 3411 ire,
586 3339 634 3396 vel
649 3338 744 3412 unde,
761 3337 859 3396 videt’

169 3422 371 3491 itt-quotiens
387 3430 562 3482 certamine
577 3435 645 3482 sum
660 3422 802 3480 mentitus
816 3419 930 3478 habere
