2318 3960
98 224 156 292 led
494 223 553 284 Ex
572 222 720 283 ΡΟΝΤΟ

175 379 243 439 Hoc
258 378 345 451 iacit,
360 384 393 437 ut
407 375 520 435 misero
537 374 660 433 faveant
674 374 838 450 adsintque
852 375 990 436 Tomitae

219 462 303 521 Haec
319 459 463 535 quoniam
481 458 572 517 tellus
586 456 779 517 testificanda
793 457 866 518 mihi
882 464 940 520 est

177 546 223 605 Illi
237 560 301 620 me,
318 544 391 618 quia
403 542 483 603 velle
499 539 617 613 vident,
634 539 796 600 discedere
809 541 940 602 maluntr

115 638 167 692 100
224 628 380 701 Respecto
394 625 520 700 cupiunt
533 622 583 683 liic
596 629 698 683 tamen
712 638 785 684 esse
798 625 857 695 sui.

178 712 241 771 Nec
255 711 327 769 mihi
343 707 521 769 credideris.
551 713 655 765 extent
669 707 807 782 decretu,
823 707 936 783 quibus
950 724 1008 770 nos

218 794 337 853 Laudat
351 799 381 852 et
394 791 534 851 inmunes
550 788 672 865 publica
687 805 758 850 cera
772 791 855 851 iacit.
985 848 994 858 κ

178 877 370 938 Conveniens
385 874 505 934 miseris
520 879 551 934 et
566 888 751 948 quenrquam
764 868 863 948 gloria
876 890 940 935 nou
953 875 1001 948 sit,

218 960 361 1020 Proxima
375 960 449 1019 dant
462 957 553 1017 nobis
569 957 685 1031 oppida
699 973 809 1018 munus
826 958 918 1018 idom.

112 1057 161 1109 105
176 1045 238 1104 Nec
253 1043 350 1119 pietas
365 1043 469 1118 ignota
483 1055 552 1101 mea
565 1046 621 1101 est.
649 1039 734 1101 videt
747 1040 870 1117 hospita
883 1047 966 1102 terra

219 1128 253 1185 ln
267 1133 374 1187 nostra
387 1140 508 1186 sacrum
524 1123 664 1185 caesaris
683 1139 755 1184 esse
770 1124 873 1186 domo.

178 1210 266 1270 Stant
280 1210 392 1284 pariter
405 1215 556 1282 natusque
571 1207 641 1282 pius
662 1209 858 1283 coniunxque
872 1208 1032 1283 sacerdos,

219 1293 349 1353 Numina
362 1294 422 1352 iarn
436 1293 517 1352 iacto
531 1306 593 1350 non
608 1291 725 1351 leviore
739 1292 809 1351 deo.

177 1377 242 1437 Neu
262 1377 342 1436 desit
356 1392 429 1451 pars
444 1376 506 1435 ulla
522 1374 649 1449 domus,
665 1381 726 1435 stet
739 1381 870 1452 uterque
884 1381 1041 1453 nepotum,

114 1474 165 1524 110
221 1460 278 1519 Hic
293 1460 381 1521 aviae
397 1459 483 1518 lateri
497 1459 672 1534 proximus,
687 1459 738 1519 ille
753 1459 861 1534 patris.

178 1543 233 1602 His
248 1558 306 1618 ego
322 1543 363 1602 do
377 1542 490 1604 totiens
506 1557 574 1602 curn
588 1548 656 1601 ture
676 1543 833 1618 precantia
846 1542 951 1616 verbe,
972 1552 981 1563 '

108 1645 109 1648 ¹
218 1625 284 1687 Eoo
301 1626 443 1700 quotiens
458 1625 555 1700 surgit
569 1625 607 1684 ab
623 1625 698 1685 orbe
713 1625 792 1687 dies.

178 1709 284 1768 Tota...
298 1710 368 1768 licet
383 1724 544 1784 quaeras...
559 1708 618 1767 hoc
633 1725 682 1768 me
696 1726 758 1770 non
773 1709 891 1785 fingere
904 1709 989 1771 dicct

222 1791 320 1852 Officii
334 1792 421 1855 testis
436 1792 561 1853 Pontica
575 1800 656 1852 terra
669 1792 739 1852 mei.

118 1888 167 1940 115
181 1874 306 1936 Pontica
318 1891 368 1936 me
382 1875 486 1950 tellus,
503 1875 624 1950 quantis
638 1874 697 1935 hec
709 1891 876 1951 possumus
892 1891 956 1954 ora,

221 1959 357 2019 Natalem
371 1959 453 2020 ludis
469 1959 527 2019 scit
542 1958 697 2019 celebrare
713 1959 773 2019 dei.

180 2042 242 2102 Nec
257 2043 355 2103 minus
370 2041 544 2118 hospitibus
558 2043 658 2118 pietas
676 2049 724 2103 est
736 2044 859 2118 cognita
872 2043 951 2118 talis,

221 2125 303 2186 Misit
320 2127 350 2185 in
364 2126 421 2186 hus
437 2127 546 2201 siquos
561 2127 653 2201 longa
665 2125 827 2202 Propontis
841 2142 951 2202 eques.
969 2174 972 2180 .

179 2208 209 2268 ls
226 2225 365 2284 quoque,
383 2224 444 2284 quo
459 2210 566 2269 laevus
581 2211 678 2270 iuerat
692 2209 749 2270 sub
764 2210 909 2285 praeside
926 2210 1051 2285 Pontus,

119 2298 171 2351 120
225 2292 365 2353 Audierit
378 2295 472 2352 trater
486 2291 613 2352 forsitan
628 2293 688 2352 ista
702 2299 783 2354 tuus.

179 2372 313 2436 Fortuna
327 2381 374 2434 est
388 2376 486 2450 impar
500 2375 616 2450 animo,
635 2377 752 2452 talique
765 2376 905 2438 libenter.

220 2458 355 2532 Exiguos
372 2473 466 2534 carpo
480 2474 606 2519 munere
620 2475 739 2536 pauper
753 2476 840 2537 opes.

179 2540 243 2601 Nec
254 2541 365 2602 vestris
381 2542 489 2602 damus
503 2542 582 2602 haec
597 2543 710 2618 oculis,
727 2544 833 2618 procul
846 2543 930 2606 Urbe
943 2545 1065 2606 remotis

222 2624 360 2687 Contenti
374 2627 465 2686 tacita
484 2626 541 2685 sed
555 2627 667 2701 pietate
682 2643 798 2688 sumus.

115 2715 165 2768 115
178 2707 217 2768 Et
234 2715 333 2769 tamen
348 2709 426 2770 haec
439 2715 563 2784 tangent
576 2709 742 2784 aliquando
758 2711 898 2773 caesaris
912 2725 1015 2772 aures.

221 2792 267 2852 Nil
282 2794 379 2866 illum,
400 2800 464 2854 tolo
482 2793 565 2869 quod
580 2793 614 2853 ilt
627 2795 657 2853 in
672 2794 762 2868 orbe,
779 2795 859 2857 lelel.

179 2876 224 2935 Tu
239 2882 320 2936 certe
335 2877 397 2937 scis
412 2876 487 2949 hoc,
504 2878 627 2952 superis
642 2877 754 2952 ascite,
773 2878 936 2955 vicesque,

221 2957 349 3032 Caesar,
365 2967 399 3020 ut
412 2967 459 3020 est
473 2959 571 3019 oculis
586 2959 710 3021 subdite
723 2967 804 3022 terra
816 2962 888 3024 tuis.

177 3042 222 3101 Tu
238 3050 359 3104 nostras
374 3041 463 3104 audis
478 3042 556 3102 inter
571 3059 710 3104 convexa
725 3045 844 3107 locatus

118 3131 167 3185 130
224 3124 347 3201 Sidera,
363 3126 494 3187 sollicito
511 3143 589 3201 quas
606 3127 714 3188 damus
731 3144 800 3204 ore,
816 3144 937 3207 preces.

178 3207 360 3270 perveniant
375 3211 455 3270 istuc
475 3215 505 3269 et
521 3211 797 3272 carmina'lorsitan
815 3212 875 3288 illa,

222 3291 305 3366 Quae
325 3294 365 3354 de
379 3301 409 3356 te
425 3294 494 3355 misi
509 3295 616 3355 caelite
632 3297 713 3356 laeta
725 3312 819 3357 novo.

180 3375 323 3449 Auguror
337 3377 386 3437 his
400 3377 491 3453 igitur
507 3378 589 3439 flecti
604 3385 655 3439 lua
670 3379 803 3439 numina.
831 3392 891 3440 nec
904 3381 937 3442 lu

222 3459 363 3520 Inmerito
380 3475 489 3520 nomen
505 3463 576 3521 mite
594 3461 729 3536 parentis
747 3460 854 3523 habes.
