2318 3960
426 187 480 253 nr.
495 161 680 250 'aar-ara
727 230 731 237 x
999 189 1057 255 251

10 360 18 378 ··
55 344 110 400 555
124 337 219 412 Quid,
243 338 327 413 quod
342 339 440 398 hiems
455 339 606 414 adoperta
618 341 689 414 gelu
703 346 776 401 tunc
791 342 924 418 denique
939 343 1028 418 cedit,

169 420 209 482 Et
222 430 352 496 pereunt
364 422 465 482 victae
481 424 547 482 sole
563 429 684 498 tepente
698 425 795 500 nives,

127 504 300 566 Arboribus
314 506 444 566 redeunt
458 505 608 567 detonsae
623 507 735 583 frigore
750 509 886 583 frendes,

167 588 329 662 Uvidaque
344 589 375 648 in
389 594 494 649 tenero
510 591 634 669 palmite
648 607 768 667 gemma
782 596 891 651 tumet:

129 672 276 747 Quaeque
290 672 343 733 diu
358 673 456 746 latuit,
480 689 559 733 nune
574 690 609 733 se
625 691 686 749 qua
700 676 786 735 tollat
800 676 831 734 in
846 691 946 750 auras,

56 765 112 819 240
166 755 284 815 Fertilis
295 758 437 817 occultas
452 757 568 817 invenit
585 758 681 818 herba
694 759 772 818 vias.

10 845 18 905 ²,
128 840 215 900 Nunc
230 839 401 900 foecundus
417 856 498 916 ager.
529 842 652 916 pecoris
667 859 749 902 nune
763 843 842 902 hora
857 843 980 904 creandi

10 946 12 951 ·
168 922 254 983 Nunc
269 923 336 984 avis
351 923 382 982 in
392 938 477 984 ramo
491 931 572 986 tecta
585 927 742 1000 laremque
757 934 854 1001 parat.

10 1015 12 1041 ¹
128 1008 280 1081 Tempora
295 1007 360 1067 iure
376 1008 480 1069 colunt
493 1007 597 1069 Latiae
612 1009 767 1070 foecunda
785 1017 939 1085 parentes,

173 1089 307 1163 Quarum
328 1092 462 1152 militiam
478 1097 612 1167 votaque
628 1100 734 1168 partus
749 1093 850 1153 habet.

61 1182 114 1237 245
128 1173 229 1244 Adde,
255 1174 339 1248 quod
354 1175 501 1236 excubias
516 1174 568 1235 ubi
586 1192 643 1235 rex
656 1177 815 1237 Romanus
833 1178 952 1253 agebat,

171 1257 226 1331 Qui
242 1274 322 1317 nunc
336 1259 492 1334 Esquilias
512 1260 636 1319 nomina
650 1260 738 1321 collis
752 1260 853 1333 habet,

128 1341 194 1400 illie
208 1358 227 1400 a
241 1342 367 1403 nuribus
382 1343 490 1402 lunoni
506 1344 620 1418 templa
633 1343 748 1404 Latinis

10 1492 14 1498 ⁵
170 1425 235 1485 Hac
250 1434 336 1498 sunt,
353 1427 380 1486 si
396 1427 531 1498 memini,
548 1427 671 1502 publica
686 1429 767 1488 laeta
781 1428 841 1487 die.

10 1499 13 1510 ’
131 1508 210 1582 Quid
224 1525 342 1581 morer,
366 1518 395 1570 et
410 1511 504 1570 variis
520 1527 614 1573 onero
629 1518 681 1571 tua
696 1518 822 1587 pectora
838 1511 963 1571 causis?

10 1634 12 1641 r
63 1601 115 1654 aaa
172 1591 291 1652 Eminet
305 1598 376 1653 ante
392 1594 509 1667 oculos,
533 1595 618 1670 quod
631 1596 727 1670 petis,
750 1610 824 1655 ecce
839 1600 919 1655 tuos.

128 1675 227 1736 Mater
241 1683 322 1736 amat
335 1684 457 1753 nuptas.
485 1684 612 1738 matrem
626 1696 696 1739 mea
709 1679 798 1739 turba
813 1680 994 1752 frequentat.

171 1759 256 1818 Haec
270 1776 328 1821 nos
344 1761 508 1835 praecipue
523 1769 584 1822 tam
604 1763 655 1836 pia
670 1779 766 1823 causa
780 1762 892 1822 dccet?

129 1842 218 1902 Ferte
234 1844 311 1903 deae
326 1842 437 1904 ilores!
459 1846 573 1918 gaudet
587 1844 767 1906 florentibus
781 1846 886 1906 herbis

172 1926 257 1986 Haec
272 1927 340 1987 dea.
371 1927 410 1987 de
425 1934 529 1987 tenero
546 1929 656 2003 cingite
670 1927 748 1988 flore
764 1938 864 2005 caput.

59 2019 112 2072 155
128 2009 225 2069 Dicite
239 2013 294 2072 ‘Tu
312 2010 401 2070 nobis
420 2010 528 2080 lucem,
548 2010 672 2086 Lucina,
694 2012 842 2071 dedistit'

171 2094 268 2153 Dicite
283 2095 338 2154 ‘Tu
353 2102 426 2155 voto
441 2095 635 2169 parturientis
650 2096 762 2155 adest’

132 2177 230 2253 Siqua
243 2185 343 2238 minen
357 2178 487 2254 gravida
501 2187 556 2252 est,
576 2179 712 2240 resoluto
729 2178 813 2238 crine
829 2185 979 2254 precetur,

172 2262 213 2321 Ut
227 2264 328 2323 solvat
342 2271 448 2337 partus
463 2263 593 2324 molliter
606 2263 659 2323 illa
674 2278 761 2322 sues.

132 2344 206 2418 Quis
219 2346 292 2406 mihi
307 2362 387 2406 nunc
403 2347 499 2419 dicet,
523 2363 618 2423 quare
638 2346 784 2407 caelestia
798 2346 903 2407 Martis

63 2437 120 2491 260
173 2432 268 2490 Arma
283 2431 381 2490 lerant
396 2430 485 2505 Salii,
506 2431 749 2505 Mamuriumque
764 2437 898 2491 canant?

130 2513 282 2590 Nympha,
302 2529 403 2586 mone,
425 2515 542 2574 nemori
556 2523 730 2591 stagnoque
745 2522 871 2590 operata
885 2514 1002 2575 Dianae

169 2597 322 2675 Nympha,
345 2598 460 2657 Numae
476 2599 623 2674 coniunx,
645 2600 686 2659 ad
700 2607 752 2659 tua
765 2600 845 2658 lacta
859 2600 940 2658 veni.

130 2681 229 2740 Vallis
244 2680 388 2740 Aricinae
404 2681 483 2741 silva
497 2684 690 2756 praecinctus
705 2698 806 2758 opaca

172 2765 229 2824 Est
242 2764 338 2838 lacus
359 2768 484 2839 antiqua
497 2766 645 2841 religione
660 2783 758 2828 sacer.

62 2857 118 2911 265
131 2848 188 2909 Hic
202 2852 275 2909 latet
288 2848 476 2928 Hippolytus
491 2849 577 2910 iuriis
593 2851 731 2926 direptus
746 2866 895 2927 equorum

170 2933 259 2994 Unde
274 2949 384 2994 nemus
399 2932 491 2993 nullis
507 2933 582 2995 illud
596 2934 696 2995 aditur
710 2936 809 3009 equis.

132 3016 216 3077 Licia
231 3018 415 3092 dependent
438 3019 547 3092 longas
562 3019 695 3078 velantia
714 3034 836 3093 saepes,

172 3100 210 3159 Et
223 3101 325 3176 posita
338 3111 385 3162 est
400 3101 525 3162 meritae
538 3103 632 3164 multa
645 3100 757 3162 tabella
771 3102 858 3162 deae.

134 3183 236 3258 Saepe
250 3193 361 3260 potens
376 3186 456 3260 voti,
480 3186 610 3247 frontem
623 3185 763 3245 redimita
778 3186 911 3259 coronis,

67 3275 120 3330 270
174 3267 300 3328 Femina
313 3271 450 3330 lucentes
466 3277 568 3345 portat
581 3270 620 3330 ab
634 3269 716 3330 Urbe
731 3270 826 3329 laces.

134 3353 242 3426 Regna
254 3359 359 3414 tenent
372 3355 467 3415 fortes
482 3355 637 3428 manibus,
659 3352 854 3428 pedibusque
869 3351 1005 3426 fugaces,

175 3435 213 3495 Et
227 3438 307 3511 perit
323 3439 464 3514 exemplo
484 3438 649 3514 postmodo
666 3436 798 3515 quisque
812 3449 882 3496 suo.
