2318 3960
413 183 456 254 11,
477 182 513 258 8,
534 179 654 258 47-9,
675 183 726 246 43.
1016 183 1075 250 151

145 334 148 340 “
191 335 348 414 Quamque
363 340 466 410 potes,
482 335 644 410 profugo...
656 352 726 396 narn
740 343 863 412 potes...
875 337 962 398 adler
976 354 1089 417 opem..

147 421 197 479 Ne
212 420 333 480 fortuna
346 418 430 479 tibi...
446 417 486 477 dc
500 434 562 492 qua
577 419 662 495 quod
676 436 738 480 non
754 437 879 496 querar,
895 421 954 483 hoc
970 431 1046 483 est..

189 502 340 575 Tradidit,
355 502 416 564 hoc
430 516 494 561 uno
509 518 571 562 non
586 503 707 562 inimica
719 504 801 582 mihi.

149 587 266 662 Excipe
280 584 473 660 naufragium
488 600 549 645 non
564 585 640 646 duro
656 586 744 648 litore
758 595 904 663 nostrum,

98 676 134 728 ιο
188 670 233 729 Ne
248 670 340 731 luerit
353 675 436 730 terra
448 668 542 729 tutior
555 669 640 729 unda
653 676 715 730 tua.
732 745 734 750 .

149 753 259 828 Regia,
276 753 368 814 crede
381 751 473 826 mihi,
487 767 539 812 res
553 759 601 813 est
615 764 796 815 succurrere
810 755 916 831 lapsis²
1021 831 1025 835 Ι

191 836 340 897 Convenit
353 844 383 898 et
394 841 495 911 tanto,
512 843 643 911 quantus
658 852 693 898 es
708 837 791 913 lpse,
807 839 884 900 viro.

147 922 310 981 Fortunam
324 921 414 981 decet
427 919 487 981 hoc
501 920 599 980 istam.
629 936 709 996 quae
722 922 854 982 maxima
869 939 936 984 cum
953 925 1000 999 sit,

190 1005 270 1065 Esse
283 1010 386 1080 potest
400 1004 501 1064 animo
516 1004 570 1063 vix
583 1010 683 1065 tamen
698 1019 798 1079 aequa
813 1012 875 1067 tuo.

96 1100 131 1153 15
146 1087 339 1164 Conspicitur
351 1103 518 1164 numquam
531 1087 657 1148 meliore
672 1089 807 1165 potentia
821 1105 925 1163 causa,

191 1170 287 1245 Quam
303 1173 445 1248 quotiens
460 1187 557 1232 vanas
573 1188 635 1233 non
651 1172 722 1233 sinit
735 1188 807 1233 esse
823 1186 943 1250 preces.

147 1255 214 1314 lloc
229 1256 309 1316 nitor
322 1255 381 1323 istc
395 1256 438 1316 tui
452 1255 574 1330 generis
590 1255 755 1316 desiderat.
784 1256 844 1317 hoc
858 1264 906 1317 est

190 1340 218 1397 A
233 1339 355 1414 superis
371 1345 455 1400 ortae
470 1338 633 1401 nobilitatis
649 1355 739 1415 opus.

146 1422 213 1482 Hoc
226 1421 280 1482 tibi
295 1430 326 1483 ot
337 1422 522 1499 Eumolpus,
537 1422 659 1498 generis
674 1422 862 1485 clarissimus
877 1431 991 1497 auctor,

92 1514 132 1567 20
185 1505 223 1566 Et
238 1506 323 1581 prior
334 1507 485 1581 Eumolpo
500 1506 611 1567 suadet
623 1505 849 1568 Erichthonius.

145 1589 212 1649 Hoc
225 1595 328 1650 tecum
343 1605 505 1650 commune
520 1590 595 1666 deo,
613 1592 697 1666 quod
711 1599 841 1667 uterque
861 1591 957 1666 rogati

188 1672 387 1749 supplicibus
399 1673 512 1734 vestris
531 1675 612 1734 terre
626 1676 732 1736 soletis
748 1688 847 1750 opem.
911 1671 914 1679 '

144 1756 298 1833 Numquid
311 1758 381 1831 erit,
397 1773 494 1832 quare
509 1759 600 1819 solito
616 1759 777 1834 dignemur
790 1758 908 1819 honore

185 1839 331 1913 Numina,
347 1841 374 1901 si
389 1841 496 1902 demas
509 1843 589 1901 velle
603 1843 710 1902 iuvare
726 1842 824 1902 deest

87 1928 125 1982 26
139 1923 275 1998 luppiter
289 1925 386 1985 oranti
400 1925 514 1985 surdas
528 1926 555 1985 si
571 1925 821 2001 praelocutione,

186 2007 320 2068 Victima
334 2024 390 2084 pro
404 2009 519 2083 templo
534 2025 589 2070 cur
605 2010 695 2069 cadat
708 2011 768 2070 icta
782 2009 887 2070 Iovist

144 2089 177 2151 Si
193 2106 300 2166 pacem
316 2093 428 2152 nullam
444 2090 557 2167 pontus
572 2092 645 2152 mihi
662 2097 797 2168 praestet
810 2092 900 2171 eunti,

185 2175 273 2235 Irrita
286 2175 428 2251 Neptuno
443 2192 497 2236 our
510 2191 569 2251 ogo
583 2184 651 2237 tura
667 2177 785 2236 leramt

142 2258 233 2318 Vana
246 2257 412 2319 laborantis
426 2259 453 2319 si
470 2260 553 2320 lallat
568 2267 639 2321 vota
654 2260 764 2330 coloni,

88 2353 128 2407 30
182 2341 326 2416 Accipiat
339 2343 486 2417 gravidae
501 2359 557 2405 cur
573 2344 639 2405 suis
656 2351 727 2404 exta
742 2344 857 2404 cereso

142 2425 206 2485 Nec
221 2424 307 2486 dabit
319 2426 443 2488 intonso
457 2427 592 2503 iugulum
608 2444 702 2503 cuper
714 2426 817 2488 hostia
830 2426 963 2502 Baccho,

185 2509 286 2570 Masta
301 2509 358 2570 sub
375 2511 508 2571 adducto
524 2508 550 2572 si
566 2513 647 2587 pede
660 2512 744 2572 nulla
757 2510 862 2572 fluent.

143 2592 257 2653 Caesar
270 2601 304 2653 ut
318 2594 434 2669 imperii
451 2595 625 2656 moderetur
638 2597 724 2657 irena
738 2609 907 2670 precamur,

184 2677 258 2737 Tam
270 2675 352 2737 bene
366 2678 451 2752 quod
466 2679 582 2754 patriae
597 2679 729 2739 considit
743 2679 794 2739 ille
808 2691 894 2738 suae.

87 2769 126 2823 35
141 2758 259 2820 Utilitas
275 2760 365 2836 igitur
378 2777 508 2837 magnos
522 2761 725 2836 hominesque
739 2762 880 2836 deosque

184 2843 300 2919 Efficit,
321 2845 442 2906 auxiliis
459 2860 584 2920 quoquc
599 2847 720 2905 lavante
736 2844 812 2905 suis.

141 2927 183 2985 Tu
200 2943 326 3003 quoque
341 2929 390 2988 lac
405 2930 537 3005 prologo
553 2929 672 3005 prosint
686 2936 738 2989 tua
753 2933 853 2987 castra
868 2927 986 3001 iacenti,

186 3010 209 3070 0
226 3010 319 3088 Coty,
340 3013 504 3088 progenies
518 3013 611 3088 digna
626 3020 751 3089 parente
767 3018 828 3071 tuo.

142 3093 335 3156 Conveniens
350 3096 464 3157 homini
480 3103 528 3157 est
540 3096 693 3156 hominem
710 3109 835 3156 servare
849 3094 1003 3170 voluptas,

87 3184 128 3236 lo
183 3178 222 3237 Et
235 3178 344 3240 melius
360 3181 443 3240 hulla
458 3180 616 3256 quaeritur
629 3188 694 3241 arto
708 3181 806 3240 lavor.

143 3260 216 3334 Quis
232 3278 293 3322 non
308 3263 492 3340 Antiphaten
507 3263 720 3340 Laestrygona
735 3262 890 3322 devovet!
902 3266 953 3320 aut
969 3262 1039 3336 quis

183 3345 317 3406 Munillci
333 3363 435 3410 mores
450 3345 601 3422 improbat
614 3346 760 3407 Alcinoit

141 3426 207 3487 Non
222 3428 275 3488 tibi
292 3429 485 3493 casandrcus
500 3437 587 3507 pater
602 3438 650 3491 est
663 3431 802 3508 gentisve
816 3428 980 3500 Pheraeae,
