2318 3960
424 193 465 265 lt,
488 187 523 264 ὅ,
546 187 680 252 to-ea
1012 191 1072 267 m

185 341 286 419 thue
302 343 405 417 decet,
423 358 462 403 oe
477 344 630 404 tevicerit
642 344 708 420 illa,
725 361 829 421 caves,

145 423 184 487 Et
197 425 276 487 bene
292 426 334 488 uti
348 441 484 503 pugnes,
500 426 581 487 bene
594 443 738 503 pugnans
752 429 848 491 elficit
862 427 973 490 hostis.

187 509 240 571 Sic
254 511 363 572 eadem
379 511 511 586 prodest
524 526 621 573 causa
635 519 788 589 nocetque
802 511 884 574 inihi.

91 603 129 655 55
145 592 269 655 Scilicet
281 593 452 670 indignum,
463 594 589 655 'iuvenis
603 595 781 670 rarissime„
793 597 882 658 ducis

182 679 225 738 Te
238 677 306 738 fieri
316 677 463 739 comitem
476 678 586 739 stantis
601 679 632 740 in
649 680 725 740 orbe
740 681 827 742 deae.

143 761 262 821 Firmus
277 777 329 835 es,
345 768 375 822 et
390 763 536 838 quoniam
551 779 614 823 oon
628 770 701 824 suut
713 779 767 838 ea,
786 763 890 840 qualia
903 764 1012 837 velles,

184 845 265 906 Vela
279 845 362 920 regis
380 860 517 922 quassae
532 847 767 922 qualiacumque
782 849 867 911 ratis.

146 929 292 1005 Quaeque
307 929 351 990 ito
367 946 522 991 concussa
538 937 601 1003 est,
617 931 724 993 utiam
737 937 994 1007 casuroputctur,

93 1018 132 1073 tia
185 1014 294 1074 Restat
306 1014 408 1074 adhuc
423 1013 538 1074 umeris
554 1016 630 1075 lullo
646 1015 736 1076 ruina
749 1016 820 1078 tuis.
916 1050 918 1055 ·

143 1098 191 1156 lra
205 1097 329 1172 quidem
343 1098 441 1173 primo
459 1099 557 1159 luerat
569 1107 622 1160 tua
635 1098 731 1173 iusta,
746 1111 804 1159 nec
818 1100 888 1175 ipso

185 1182 311 1256 Lenior,
327 1180 466 1243 offensus
478 1182 530 1257 qui
549 1180 624 1257 mihi
637 1182 703 1243 iure
722 1183 787 1243 luit

144 1266 262 1341 Quique
276 1266 365 1326 dolor
385 1272 492 1342 pectus
507 1267 658 1341 tetigisset
673 1265 889 1341 caesaream,

184 1350 270 1410 lllum
288 1349 413 1411 iurabas
427 1351 566 1427 protinus
579 1366 651 1410 esse
665 1359 758 1410 tuum.

89 1432 127 1487 65
141 1434 181 1495 Ut
196 1440 295 1494 tamen
315 1434 418 1495 audito
431 1441 480 1495 est
493 1441 618 1495 nostrae
633 1434 686 1494 tibi
701 1433 798 1494 cladis
817 1432 914 1508 origo,

184 1517 303 1578 Diceris
318 1518 426 1578 erratis
444 1518 632 1593 ingemuisse
645 1517 733 1581 meis.

142 1602 217 1662 Tum
231 1609 284 1661 tua
297 1616 346 1661 me
362 1603 494 1677 primum
513 1603 607 1663 solari
621 1602 721 1665 littera
739 1601 842 1676 eoepit
859 1654 861 1659 ,

185 1685 223 1744 ltt
235 1686 353 1746 laesum
368 1683 451 1745 flecti
465 1700 553 1761 spem
568 1686 643 1747 dare
662 1701 760 1761 posse
779 1685 878 1747 deluo.

142 1769 239 1830 Movit
251 1769 404 1830 amicitiae
421 1777 485 1830 tum
498 1776 529 1830 te
549 1770 722 1831 constantia
739 1771 860 1844 leugae,

92 1858 129 1914 to
184 1855 264 1913 Ante
281 1861 354 1916 tues
374 1859 461 1914 emus
480 1868 561 1927 quae
575 1852 648 1913 milri
665 1858 777 1928 coepta
796 1851 860 1926 luit,

140 1938 178 1997 Et
197 1937 283 2012 quod
297 1952 367 1998 erus
385 1936 455 1997 aliis
469 1937 583 2010 lactus,
599 1936 672 1996 mihi
687 1944 776 1997 uatus
792 1936 920 2010 amicus,

183 2021 336 2098 Quodque
349 2019 404 2080 tibi
417 2020 449 2080 iu
462 2021 550 2082 cunis
565 2021 674 2082 oscula
693 2021 791 2096 prima
810 2019 892 2081 dedi.

142 2106 231 2181 Quod
246 2122 316 2166 cum
329 2113 434 2166 vestra
448 2104 559 2166 domus
572 2106 686 2166 teneris
701 2103 773 2165 milri
788 2117 911 2178 semper
923 2098 963 2161 ab
980 2099 1068 2162 annis

185 2188 271 2250 culta
284 2191 339 2261 sit,
357 2204 430 2250 esse
444 2196 534 2249 vetus
550 2203 599 2248 me
613 2187 668 2251 tibi
688 2187 770 2262 cogit
789 2202 877 2249 onus.

90 2279 125 2334 75
140 2272 190 2332 Me
205 2280 277 2335 tuus
297 2273 349 2332 ille
366 2280 468 2348 pater,
487 2272 593 2334 Latiae
612 2273 756 2333 facundia
770 2272 900 2347 linguae,
1007 2319 1013 2332 ,.

183 2356 268 2431 Quae
283 2373 344 2418 non
359 2356 486 2416 interior
502 2357 660 2417 nobilitate
675 2356 740 2428 luit,

140 2440 274 2512 pomus,
289 2447 324 2502 ut
337 2440 482 2500 auderem
499 2441 686 2513 committere
701 2438 836 2500 carmina
849 2438 958 2512 ismae,

182 2525 313 2599 impulit
343 2524 455 2599 ingenii
471 2524 536 2584 dux
551 2524 608 2586 luit
622 2524 672 2584 ille
686 2523 756 2588 mei.

140 2608 218 2683 Nec,
235 2625 297 2682 quo
313 2608 354 2669 sit
367 2609 498 2682 primum
513 2607 604 2668 nobis
621 2623 640 2668 a
655 2613 793 2682 tempore
809 2606 921 2679 cultus,

88 2698 125 2753 80
182 2690 341 2753 contendo
357 2691 479 2751 fratrem
499 2706 595 2766 posse
608 2692 724 2750 referre
737 2697 832 2756 tuum.

139 2776 181 2834 Te
199 2782 300 2834 tamen
318 2782 389 2836 ante
403 2775 502 2836 omnis
523 2777 564 2837 ita
580 2791 649 2837 sum
663 2774 850 2849 conplexus,
868 2781 902 2832 ut
916 2788 999 2834 unus

184 2859 325 2934 Quolibet
339 2859 371 2918 in
388 2873 464 2920 casu
478 2859 577 2933 gretia
592 2865 699 2921 nostra
717 2859 812 2918 iores.

140 2943 252 3005 Ultima
265 2959 313 3004 me
333 2951 434 3003 tecum
449 2943 525 3003 vidit
542 2943 731 3017 moestisque
746 2940 893 3010 cedentes

181 3025 313 3102 Excepit
326 3026 469 3087 lacrimas
483 3026 623 3088 Aethalis
638 3027 704 3086 Ilva
720 3024 825 3100 genis:
876 3022 880 3045 '

88 3117 125 3173 85
141 3111 215 3171 Cum
231 3110 285 3170 tibi
300 3110 472 3185 quaerenti,
488 3127 560 3171 num
574 3125 665 3170 verus
685 3108 810 3170 nuntius
825 3112 919 3179 esset,

181 3194 334 3255 Attulerat
353 3196 463 3270 culpae
484 3209 576 3268 quem
591 3196 672 3254 mala
686 3193 768 3253 fama
786 3206 882 3264 meae,

139 3280 221 3338 Inter
240 3279 418 3340 contessum
438 3277 529 3339 dubie
544 3277 698 3353 dubieque
717 3282 879 3351 nogentem

182 3361 370 3437 Haerebam,
387 3362 519 3437 pavidas
539 3363 631 3422 dante
650 3361 758 3421 timore
775 3366 876 3432 notas,

140 3445 353 3521 Exemploque
366 3447 463 3520 nivis,
485 3463 577 3522 quam
595 3445 692 3507 mollit
710 3443 872 3519 aquaticis
890 3450 1002 3515 auster,
